%YAML 1.1
%TAG !u! tag:unity3d.com,2011:
--- !u!1 &348188335189478787
GameObject:
  m_ObjectHideFlags: 0
  m_CorrespondingSourceObject: {fileID: 0}
  m_PrefabInstance: {fileID: 0}
  m_PrefabAsset: {fileID: 0}
  serializedVersion: 6
  m_Component:
  - component: {fileID: 348188335189478786}
  m_Layer: 0
  m_Name: Checkpoints
  m_TagString: Untagged
  m_Icon: {fileID: 0}
  m_NavMeshLayer: 0
  m_StaticEditorFlags: 0
  m_IsActive: 1
--- !u!4 &348188335189478786
Transform:
  m_ObjectHideFlags: 0
  m_CorrespondingSourceObject: {fileID: 0}
  m_PrefabInstance: {fileID: 0}
  m_PrefabAsset: {fileID: 0}
  m_GameObject: {fileID: 348188335189478787}
  m_LocalRotation: {x: 0, y: 0, z: 0, w: 1}
  m_LocalPosition: {x: -90, y: 4, z: 92}
  m_LocalScale: {x: 1, y: 1, z: 1}
  m_Children:
  - {fileID: 348188336197015366}
  - {fileID: 657882755623785643}
  - {fileID: 657882753767918387}
  - {fileID: 657882754688986708}
  - {fileID: 657882755839752438}
  - {fileID: 657882754854266562}
  - {fileID: 657882754502057030}
  m_Father: {fileID: 0}
  m_RootOrder: 0
  m_LocalEulerAnglesHint: {x: 0, y: 0, z: 0}
--- !u!1001 &348188334685164119
PrefabInstance:
  m_ObjectHideFlags: 0
  serializedVersion: 2
  m_Modification:
    m_TransformParent: {fileID: 348188335189478786}
    m_Modifications:
    - target: {fileID: 1005507314857915540, guid: db8754bf2df1a3a46bda6232971970d9, type: 3}
      propertyPath: m_Name
      value: Checkpoint (5)
      objectReference: {fileID: 0}
    - target: {fileID: 1005507314857915541, guid: db8754bf2df1a3a46bda6232971970d9, type: 3}
      propertyPath: m_RootOrder
      value: 5
      objectReference: {fileID: 0}
    - target: {fileID: 1005507314857915541, guid: db8754bf2df1a3a46bda6232971970d9, type: 3}
      propertyPath: m_LocalPosition.x
      value: 59.86
      objectReference: {fileID: 0}
    - target: {fileID: 1005507314857915541, guid: db8754bf2df1a3a46bda6232971970d9, type: 3}
      propertyPath: m_LocalPosition.y
      value: 3.224
      objectReference: {fileID: 0}
    - target: {fileID: 1005507314857915541, guid: db8754bf2df1a3a46bda6232971970d9, type: 3}
      propertyPath: m_LocalPosition.z
      value: -182.85
      objectReference: {fileID: 0}
    - target: {fileID: 1005507314857915541, guid: db8754bf2df1a3a46bda6232971970d9, type: 3}
      propertyPath: m_LocalRotation.w
      value: 1
      objectReference: {fileID: 0}
    - target: {fileID: 1005507314857915541, guid: db8754bf2df1a3a46bda6232971970d9, type: 3}
      propertyPath: m_LocalRotation.x
      value: -0
      objectReference: {fileID: 0}
    - target: {fileID: 1005507314857915541, guid: db8754bf2df1a3a46bda6232971970d9, type: 3}
      propertyPath: m_LocalRotation.y
      value: -0
      objectReference: {fileID: 0}
    - target: {fileID: 1005507314857915541, guid: db8754bf2df1a3a46bda6232971970d9, type: 3}
      propertyPath: m_LocalRotation.z
      value: -0
      objectReference: {fileID: 0}
    - target: {fileID: 1005507314857915541, guid: db8754bf2df1a3a46bda6232971970d9, type: 3}
      propertyPath: m_LocalEulerAnglesHint.x
      value: 0
      objectReference: {fileID: 0}
    - target: {fileID: 1005507314857915541, guid: db8754bf2df1a3a46bda6232971970d9, type: 3}
      propertyPath: m_LocalEulerAnglesHint.y
      value: 0
      objectReference: {fileID: 0}
    - target: {fileID: 1005507314857915541, guid: db8754bf2df1a3a46bda6232971970d9, type: 3}
      propertyPath: m_LocalEulerAnglesHint.z
      value: 0
      objectReference: {fileID: 0}
    - target: {fileID: 3238903172384690342, guid: db8754bf2df1a3a46bda6232971970d9, type: 3}
      propertyPath: sceneViewId
      value: 122
      objectReference: {fileID: 0}
    m_RemovedComponents: []
  m_SourcePrefab: {fileID: 100100000, guid: db8754bf2df1a3a46bda6232971970d9, type: 3}
--- !u!4 &657882754854266562 stripped
Transform:
  m_CorrespondingSourceObject: {fileID: 1005507314857915541, guid: db8754bf2df1a3a46bda6232971970d9, type: 3}
  m_PrefabInstance: {fileID: 348188334685164119}
  m_PrefabAsset: {fileID: 0}
--- !u!1001 &348188334920966206
PrefabInstance:
  m_ObjectHideFlags: 0
  serializedVersion: 2
  m_Modification:
    m_TransformParent: {fileID: 348188335189478786}
    m_Modifications:
    - target: {fileID: 1005507314857915540, guid: db8754bf2df1a3a46bda6232971970d9, type: 3}
      propertyPath: m_Name
      value: Checkpoint (1)
      objectReference: {fileID: 0}
    - target: {fileID: 1005507314857915540, guid: db8754bf2df1a3a46bda6232971970d9, type: 3}
      propertyPath: m_IsActive
      value: 0
      objectReference: {fileID: 0}
    - target: {fileID: 1005507314857915541, guid: db8754bf2df1a3a46bda6232971970d9, type: 3}
      propertyPath: m_RootOrder
      value: 1
      objectReference: {fileID: 0}
    - target: {fileID: 1005507314857915541, guid: db8754bf2df1a3a46bda6232971970d9, type: 3}
      propertyPath: m_LocalPosition.x
      value: 63.309998
      objectReference: {fileID: 0}
    - target: {fileID: 1005507314857915541, guid: db8754bf2df1a3a46bda6232971970d9, type: 3}
      propertyPath: m_LocalPosition.y
      value: 0.8800001
      objectReference: {fileID: 0}
    - target: {fileID: 1005507314857915541, guid: db8754bf2df1a3a46bda6232971970d9, type: 3}
      propertyPath: m_LocalPosition.z
      value: -10.080002
      objectReference: {fileID: 0}
    - target: {fileID: 1005507314857915541, guid: db8754bf2df1a3a46bda6232971970d9, type: 3}
      propertyPath: m_LocalRotation.w
      value: 1
      objectReference: {fileID: 0}
    - target: {fileID: 1005507314857915541, guid: db8754bf2df1a3a46bda6232971970d9, type: 3}
      propertyPath: m_LocalRotation.x
      value: -0
      objectReference: {fileID: 0}
    - target: {fileID: 1005507314857915541, guid: db8754bf2df1a3a46bda6232971970d9, type: 3}
      propertyPath: m_LocalRotation.y
      value: -0
      objectReference: {fileID: 0}
    - target: {fileID: 1005507314857915541, guid: db8754bf2df1a3a46bda6232971970d9, type: 3}
      propertyPath: m_LocalRotation.z
      value: -0
      objectReference: {fileID: 0}
    - target: {fileID: 1005507314857915541, guid: db8754bf2df1a3a46bda6232971970d9, type: 3}
      propertyPath: m_LocalEulerAnglesHint.x
      value: 0
      objectReference: {fileID: 0}
    - target: {fileID: 1005507314857915541, guid: db8754bf2df1a3a46bda6232971970d9, type: 3}
      propertyPath: m_LocalEulerAnglesHint.y
      value: 0
      objectReference: {fileID: 0}
    - target: {fileID: 1005507314857915541, guid: db8754bf2df1a3a46bda6232971970d9, type: 3}
      propertyPath: m_LocalEulerAnglesHint.z
      value: 0
      objectReference: {fileID: 0}
    - target: {fileID: 3238903172384690342, guid: db8754bf2df1a3a46bda6232971970d9, type: 3}
      propertyPath: sceneViewId
      value: 54
      objectReference: {fileID: 0}
    m_RemovedComponents: []
  m_SourcePrefab: {fileID: 100100000, guid: db8754bf2df1a3a46bda6232971970d9, type: 3}
--- !u!4 &657882755623785643 stripped
Transform:
  m_CorrespondingSourceObject: {fileID: 1005507314857915541, guid: db8754bf2df1a3a46bda6232971970d9, type: 3}
  m_PrefabInstance: {fileID: 348188334920966206}
  m_PrefabAsset: {fileID: 0}
--- !u!1001 &348188335099300963
PrefabInstance:
  m_ObjectHideFlags: 0
  serializedVersion: 2
  m_Modification:
    m_TransformParent: {fileID: 348188335189478786}
    m_Modifications:
    - target: {fileID: 1005507314857915540, guid: db8754bf2df1a3a46bda6232971970d9, type: 3}
      propertyPath: m_Name
      value: Checkpoint (4)
      objectReference: {fileID: 0}
    - target: {fileID: 1005507314857915541, guid: db8754bf2df1a3a46bda6232971970d9, type: 3}
      propertyPath: m_RootOrder
      value: 4
      objectReference: {fileID: 0}
    - target: {fileID: 1005507314857915541, guid: db8754bf2df1a3a46bda6232971970d9, type: 3}
      propertyPath: m_LocalPosition.x
      value: 165.576
      objectReference: {fileID: 0}
    - target: {fileID: 1005507314857915541, guid: db8754bf2df1a3a46bda6232971970d9, type: 3}
      propertyPath: m_LocalPosition.y
      value: 3.224
      objectReference: {fileID: 0}
    - target: {fileID: 1005507314857915541, guid: db8754bf2df1a3a46bda6232971970d9, type: 3}
      propertyPath: m_LocalPosition.z
      value: -165.608
      objectReference: {fileID: 0}
    - target: {fileID: 1005507314857915541, guid: db8754bf2df1a3a46bda6232971970d9, type: 3}
      propertyPath: m_LocalRotation.w
      value: 1
      objectReference: {fileID: 0}
    - target: {fileID: 1005507314857915541, guid: db8754bf2df1a3a46bda6232971970d9, type: 3}
      propertyPath: m_LocalRotation.x
      value: -0
      objectReference: {fileID: 0}
    - target: {fileID: 1005507314857915541, guid: db8754bf2df1a3a46bda6232971970d9, type: 3}
      propertyPath: m_LocalRotation.y
      value: -0
      objectReference: {fileID: 0}
    - target: {fileID: 1005507314857915541, guid: db8754bf2df1a3a46bda6232971970d9, type: 3}
      propertyPath: m_LocalRotation.z
      value: -0
      objectReference: {fileID: 0}
    - target: {fileID: 1005507314857915541, guid: db8754bf2df1a3a46bda6232971970d9, type: 3}
      propertyPath: m_LocalEulerAnglesHint.x
      value: 0
      objectReference: {fileID: 0}
    - target: {fileID: 1005507314857915541, guid: db8754bf2df1a3a46bda6232971970d9, type: 3}
      propertyPath: m_LocalEulerAnglesHint.y
      value: 0
      objectReference: {fileID: 0}
    - target: {fileID: 1005507314857915541, guid: db8754bf2df1a3a46bda6232971970d9, type: 3}
      propertyPath: m_LocalEulerAnglesHint.z
      value: 0
      objectReference: {fileID: 0}
    - target: {fileID: 3238903172384690342, guid: db8754bf2df1a3a46bda6232971970d9, type: 3}
      propertyPath: sceneViewId
      value: 121
      objectReference: {fileID: 0}
    m_RemovedComponents: []
  m_SourcePrefab: {fileID: 100100000, guid: db8754bf2df1a3a46bda6232971970d9, type: 3}
--- !u!4 &657882755839752438 stripped
Transform:
  m_CorrespondingSourceObject: {fileID: 1005507314857915541, guid: db8754bf2df1a3a46bda6232971970d9, type: 3}
  m_PrefabInstance: {fileID: 348188335099300963}
  m_PrefabAsset: {fileID: 0}
--- !u!1001 &348188335746383782
PrefabInstance:
  m_ObjectHideFlags: 0
  serializedVersion: 2
  m_Modification:
    m_TransformParent: {fileID: 348188335189478786}
    m_Modifications:
    - target: {fileID: 1005507314857915540, guid: db8754bf2df1a3a46bda6232971970d9, type: 3}
      propertyPath: m_Name
      value: Checkpoint (2)
      objectReference: {fileID: 0}
    - target: {fileID: 1005507314857915540, guid: db8754bf2df1a3a46bda6232971970d9, type: 3}
      propertyPath: m_IsActive
      value: 0
      objectReference: {fileID: 0}
    - target: {fileID: 1005507314857915541, guid: db8754bf2df1a3a46bda6232971970d9, type: 3}
      propertyPath: m_RootOrder
      value: 2
      objectReference: {fileID: 0}
    - target: {fileID: 1005507314857915541, guid: db8754bf2df1a3a46bda6232971970d9, type: 3}
      propertyPath: m_LocalPosition.x
      value: 49.002
      objectReference: {fileID: 0}
    - target: {fileID: 1005507314857915541, guid: db8754bf2df1a3a46bda6232971970d9, type: 3}
      propertyPath: m_LocalPosition.y
      value: 11.144
      objectReference: {fileID: 0}
    - target: {fileID: 1005507314857915541, guid: db8754bf2df1a3a46bda6232971970d9, type: 3}
      propertyPath: m_LocalPosition.z
      value: -100.84
      objectReference: {fileID: 0}
    - target: {fileID: 1005507314857915541, guid: db8754bf2df1a3a46bda6232971970d9, type: 3}
      propertyPath: m_LocalRotation.w
      value: 1
      objectReference: {fileID: 0}
    - target: {fileID: 1005507314857915541, guid: db8754bf2df1a3a46bda6232971970d9, type: 3}
      propertyPath: m_LocalRotation.x
      value: -0
      objectReference: {fileID: 0}
    - target: {fileID: 1005507314857915541, guid: db8754bf2df1a3a46bda6232971970d9, type: 3}
      propertyPath: m_LocalRotation.y
      value: -0
      objectReference: {fileID: 0}
    - target: {fileID: 1005507314857915541, guid: db8754bf2df1a3a46bda6232971970d9, type: 3}
      propertyPath: m_LocalRotation.z
      value: -0
      objectReference: {fileID: 0}
    - target: {fileID: 1005507314857915541, guid: db8754bf2df1a3a46bda6232971970d9, type: 3}
      propertyPath: m_LocalEulerAnglesHint.x
      value: 0
      objectReference: {fileID: 0}
    - target: {fileID: 1005507314857915541, guid: db8754bf2df1a3a46bda6232971970d9, type: 3}
      propertyPath: m_LocalEulerAnglesHint.y
      value: 0
      objectReference: {fileID: 0}
    - target: {fileID: 1005507314857915541, guid: db8754bf2df1a3a46bda6232971970d9, type: 3}
      propertyPath: m_LocalEulerAnglesHint.z
      value: 0
      objectReference: {fileID: 0}
    - target: {fileID: 3238903172384690342, guid: db8754bf2df1a3a46bda6232971970d9, type: 3}
      propertyPath: sceneViewId
      value: 119
      objectReference: {fileID: 0}
    m_RemovedComponents: []
  m_SourcePrefab: {fileID: 100100000, guid: db8754bf2df1a3a46bda6232971970d9, type: 3}
--- !u!4 &657882753767918387 stripped
Transform:
  m_CorrespondingSourceObject: {fileID: 1005507314857915541, guid: db8754bf2df1a3a46bda6232971970d9, type: 3}
  m_PrefabInstance: {fileID: 348188335746383782}
  m_PrefabAsset: {fileID: 0}
--- !u!1001 &348188336101137089
PrefabInstance:
  m_ObjectHideFlags: 0
  serializedVersion: 2
  m_Modification:
    m_TransformParent: {fileID: 348188335189478786}
    m_Modifications:
    - target: {fileID: 1005507314857915540, guid: db8754bf2df1a3a46bda6232971970d9, type: 3}
      propertyPath: m_Name
      value: Checkpoint (3)
      objectReference: {fileID: 0}
    - target: {fileID: 1005507314857915541, guid: db8754bf2df1a3a46bda6232971970d9, type: 3}
      propertyPath: m_RootOrder
      value: 3
      objectReference: {fileID: 0}
    - target: {fileID: 1005507314857915541, guid: db8754bf2df1a3a46bda6232971970d9, type: 3}
      propertyPath: m_LocalPosition.x
      value: 155.5
      objectReference: {fileID: 0}
    - target: {fileID: 1005507314857915541, guid: db8754bf2df1a3a46bda6232971970d9, type: 3}
      propertyPath: m_LocalPosition.y
      value: 11.144
      objectReference: {fileID: 0}
    - target: {fileID: 1005507314857915541, guid: db8754bf2df1a3a46bda6232971970d9, type: 3}
      propertyPath: m_LocalPosition.z
      value: -93.49
      objectReference: {fileID: 0}
    - target: {fileID: 1005507314857915541, guid: db8754bf2df1a3a46bda6232971970d9, type: 3}
      propertyPath: m_LocalRotation.w
      value: 1
      objectReference: {fileID: 0}
    - target: {fileID: 1005507314857915541, guid: db8754bf2df1a3a46bda6232971970d9, type: 3}
      propertyPath: m_LocalRotation.x
      value: -0
      objectReference: {fileID: 0}
    - target: {fileID: 1005507314857915541, guid: db8754bf2df1a3a46bda6232971970d9, type: 3}
      propertyPath: m_LocalRotation.y
      value: -0
      objectReference: {fileID: 0}
    - target: {fileID: 1005507314857915541, guid: db8754bf2df1a3a46bda6232971970d9, type: 3}
      propertyPath: m_LocalRotation.z
      value: -0
      objectReference: {fileID: 0}
    - target: {fileID: 1005507314857915541, guid: db8754bf2df1a3a46bda6232971970d9, type: 3}
      propertyPath: m_LocalEulerAnglesHint.x
      value: 0
      objectReference: {fileID: 0}
    - target: {fileID: 1005507314857915541, guid: db8754bf2df1a3a46bda6232971970d9, type: 3}
      propertyPath: m_LocalEulerAnglesHint.y
      value: 0
      objectReference: {fileID: 0}
    - target: {fileID: 1005507314857915541, guid: db8754bf2df1a3a46bda6232971970d9, type: 3}
      propertyPath: m_LocalEulerAnglesHint.z
      value: 0
      objectReference: {fileID: 0}
    - target: {fileID: 3238903172384690342, guid: db8754bf2df1a3a46bda6232971970d9, type: 3}
      propertyPath: sceneViewId
      value: 120
      objectReference: {fileID: 0}
    m_RemovedComponents: []
  m_SourcePrefab: {fileID: 100100000, guid: db8754bf2df1a3a46bda6232971970d9, type: 3}
--- !u!4 &657882754688986708 stripped
Transform:
  m_CorrespondingSourceObject: {fileID: 1005507314857915541, guid: db8754bf2df1a3a46bda6232971970d9, type: 3}
  m_PrefabInstance: {fileID: 348188336101137089}
  m_PrefabAsset: {fileID: 0}
--- !u!1001 &348188336446957779
PrefabInstance:
  m_ObjectHideFlags: 0
  serializedVersion: 2
  m_Modification:
    m_TransformParent: {fileID: 348188335189478786}
    m_Modifications:
    - target: {fileID: 1005507314857915540, guid: db8754bf2df1a3a46bda6232971970d9, type: 3}
      propertyPath: m_Name
      value: Checkpoint (6)
      objectReference: {fileID: 0}
    - target: {fileID: 1005507314857915540, guid: db8754bf2df1a3a46bda6232971970d9, type: 3}
      propertyPath: m_IsActive
      value: 0
      objectReference: {fileID: 0}
    - target: {fileID: 1005507314857915541, guid: db8754bf2df1a3a46bda6232971970d9, type: 3}
      propertyPath: m_RootOrder
      value: 6
      objectReference: {fileID: 0}
    - target: {fileID: 1005507314857915541, guid: db8754bf2df1a3a46bda6232971970d9, type: 3}
      propertyPath: m_LocalPosition.x
      value: 7.522
      objectReference: {fileID: 0}
    - target: {fileID: 1005507314857915541, guid: db8754bf2df1a3a46bda6232971970d9, type: 3}
      propertyPath: m_LocalPosition.y
      value: 3.443
      objectReference: {fileID: 0}
    - target: {fileID: 1005507314857915541, guid: db8754bf2df1a3a46bda6232971970d9, type: 3}
      propertyPath: m_LocalPosition.z
      value: -136.38
      objectReference: {fileID: 0}
    - target: {fileID: 1005507314857915541, guid: db8754bf2df1a3a46bda6232971970d9, type: 3}
      propertyPath: m_LocalRotation.w
      value: 1
      objectReference: {fileID: 0}
    - target: {fileID: 1005507314857915541, guid: db8754bf2df1a3a46bda6232971970d9, type: 3}
      propertyPath: m_LocalRotation.x
      value: -0
      objectReference: {fileID: 0}
    - target: {fileID: 1005507314857915541, guid: db8754bf2df1a3a46bda6232971970d9, type: 3}
      propertyPath: m_LocalRotation.y
      value: -0
      objectReference: {fileID: 0}
    - target: {fileID: 1005507314857915541, guid: db8754bf2df1a3a46bda6232971970d9, type: 3}
      propertyPath: m_LocalRotation.z
      value: -0
      objectReference: {fileID: 0}
    - target: {fileID: 1005507314857915541, guid: db8754bf2df1a3a46bda6232971970d9, type: 3}
      propertyPath: m_LocalEulerAnglesHint.x
      value: 0
      objectReference: {fileID: 0}
    - target: {fileID: 1005507314857915541, guid: db8754bf2df1a3a46bda6232971970d9, type: 3}
      propertyPath: m_LocalEulerAnglesHint.y
      value: 0
      objectReference: {fileID: 0}
    - target: {fileID: 1005507314857915541, guid: db8754bf2df1a3a46bda6232971970d9, type: 3}
      propertyPath: m_LocalEulerAnglesHint.z
      value: 0
      objectReference: {fileID: 0}
    - target: {fileID: 3238903172384690342, guid: db8754bf2df1a3a46bda6232971970d9, type: 3}
      propertyPath: sceneViewId
      value: 123
      objectReference: {fileID: 0}
    m_RemovedComponents: []
  m_SourcePrefab: {fileID: 100100000, guid: db8754bf2df1a3a46bda6232971970d9, type: 3}
--- !u!4 &657882754502057030 stripped
Transform:
  m_CorrespondingSourceObject: {fileID: 1005507314857915541, guid: db8754bf2df1a3a46bda6232971970d9, type: 3}
  m_PrefabInstance: {fileID: 348188336446957779}
  m_PrefabAsset: {fileID: 0}
--- !u!1001 &657882754752226259
PrefabInstance:
  m_ObjectHideFlags: 0
  serializedVersion: 2
  m_Modification:
    m_TransformParent: {fileID: 348188335189478786}
    m_Modifications:
    - target: {fileID: 1005507314857915540, guid: db8754bf2df1a3a46bda6232971970d9, type: 3}
      propertyPath: m_Name
      value: Checkpoint
      objectReference: {fileID: 0}
    - target: {fileID: 1005507314857915541, guid: db8754bf2df1a3a46bda6232971970d9, type: 3}
      propertyPath: m_RootOrder
      value: 0
      objectReference: {fileID: 0}
    - target: {fileID: 1005507314857915541, guid: db8754bf2df1a3a46bda6232971970d9, type: 3}
      propertyPath: m_LocalPosition.x
      value: 8.56
      objectReference: {fileID: 0}
    - target: {fileID: 1005507314857915541, guid: db8754bf2df1a3a46bda6232971970d9, type: 3}
      propertyPath: m_LocalPosition.y
      value: 0.026
      objectReference: {fileID: 0}
    - target: {fileID: 1005507314857915541, guid: db8754bf2df1a3a46bda6232971970d9, type: 3}
      propertyPath: m_LocalPosition.z
      value: 3.25
      objectReference: {fileID: 0}
    - target: {fileID: 1005507314857915541, guid: db8754bf2df1a3a46bda6232971970d9, type: 3}
      propertyPath: m_LocalRotation.w
      value: 1
      objectReference: {fileID: 0}
    - target: {fileID: 1005507314857915541, guid: db8754bf2df1a3a46bda6232971970d9, type: 3}
      propertyPath: m_LocalRotation.x
      value: -0
      objectReference: {fileID: 0}
    - target: {fileID: 1005507314857915541, guid: db8754bf2df1a3a46bda6232971970d9, type: 3}
      propertyPath: m_LocalRotation.y
      value: -0
      objectReference: {fileID: 0}
    - target: {fileID: 1005507314857915541, guid: db8754bf2df1a3a46bda6232971970d9, type: 3}
      propertyPath: m_LocalRotation.z
      value: -0
      objectReference: {fileID: 0}
    - target: {fileID: 1005507314857915541, guid: db8754bf2df1a3a46bda6232971970d9, type: 3}
      propertyPath: m_LocalEulerAnglesHint.x
      value: 0
      objectReference: {fileID: 0}
    - target: {fileID: 1005507314857915541, guid: db8754bf2df1a3a46bda6232971970d9, type: 3}
      propertyPath: m_LocalEulerAnglesHint.y
      value: 0
      objectReference: {fileID: 0}
    - target: {fileID: 1005507314857915541, guid: db8754bf2df1a3a46bda6232971970d9, type: 3}
      propertyPath: m_LocalEulerAnglesHint.z
      value: 0
      objectReference: {fileID: 0}
    m_RemovedComponents: []
  m_SourcePrefab: {fileID: 100100000, guid: db8754bf2df1a3a46bda6232971970d9, type: 3}
--- !u!4 &348188336197015366 stripped
Transform:
  m_CorrespondingSourceObject: {fileID: 1005507314857915541, guid: db8754bf2df1a3a46bda6232971970d9, type: 3}
  m_PrefabInstance: {fileID: 657882754752226259}
  m_PrefabAsset: {fileID: 0}
