%YAML 1.1
%TAG !u! tag:unity3d.com,2011:
--- !u!1 &6831481691586146319
GameObject:
  m_ObjectHideFlags: 0
  m_CorrespondingSourceObject: {fileID: 0}
  m_PrefabInstance: {fileID: 0}
  m_PrefabAsset: {fileID: 0}
  serializedVersion: 6
  m_Component:
  - component: {fileID: 6831481691586146318}
  m_Layer: 0
  m_Name: Evidencias
  m_TagString: Untagged
  m_Icon: {fileID: 0}
  m_NavMeshLayer: 0
  m_StaticEditorFlags: 0
  m_IsActive: 1
--- !u!4 &6831481691586146318
Transform:
  m_ObjectHideFlags: 0
  m_CorrespondingSourceObject: {fileID: 0}
  m_PrefabInstance: {fileID: 0}
  m_PrefabAsset: {fileID: 0}
  m_GameObject: {fileID: 6831481691586146319}
  m_LocalRotation: {x: 0, y: 0, z: 0, w: 1}
  m_LocalPosition: {x: 91.21648, y: 15.692385, z: 194.541}
  m_LocalScale: {x: 1, y: 1, z: 1}
  m_Children:
  - {fileID: 2018871472084968414}
  - {fileID: 2018871472549297904}
  - {fileID: 2018871471638938600}
  - {fileID: 2018871471081263099}
  - {fileID: 2018871472027750796}
  - {fileID: 2018871472016916282}
  - {fileID: 2018871472156593833}
  m_Father: {fileID: 0}
  m_RootOrder: 0
  m_LocalEulerAnglesHint: {x: 0, y: 0, z: 0}
--- !u!1001 &6831481690299589868
PrefabInstance:
  m_ObjectHideFlags: 0
  serializedVersion: 2
  m_Modification:
    m_TransformParent: {fileID: 6831481691586146318}
    m_Modifications:
    - target: {fileID: 4812716941105720087, guid: 94aa72fe957b2064faae1382dc66d01b,
        type: 3}
      propertyPath: m_RootOrder
      value: 3
      objectReference: {fileID: 0}
    - target: {fileID: 4812716941105720087, guid: 94aa72fe957b2064faae1382dc66d01b,
        type: 3}
      propertyPath: m_LocalScale.x
      value: 1
      objectReference: {fileID: 0}
    - target: {fileID: 4812716941105720087, guid: 94aa72fe957b2064faae1382dc66d01b,
        type: 3}
      propertyPath: m_LocalScale.y
      value: 1
      objectReference: {fileID: 0}
    - target: {fileID: 4812716941105720087, guid: 94aa72fe957b2064faae1382dc66d01b,
        type: 3}
      propertyPath: m_LocalScale.z
      value: 1
      objectReference: {fileID: 0}
    - target: {fileID: 4812716941105720087, guid: 94aa72fe957b2064faae1382dc66d01b,
        type: 3}
      propertyPath: m_LocalPosition.x
      value: 0
      objectReference: {fileID: 0}
    - target: {fileID: 4812716941105720087, guid: 94aa72fe957b2064faae1382dc66d01b,
        type: 3}
      propertyPath: m_LocalPosition.y
      value: 0
      objectReference: {fileID: 0}
    - target: {fileID: 4812716941105720087, guid: 94aa72fe957b2064faae1382dc66d01b,
        type: 3}
      propertyPath: m_LocalPosition.z
      value: 0
      objectReference: {fileID: 0}
    - target: {fileID: 4812716941105720087, guid: 94aa72fe957b2064faae1382dc66d01b,
        type: 3}
      propertyPath: m_LocalRotation.w
      value: 1
      objectReference: {fileID: 0}
    - target: {fileID: 4812716941105720087, guid: 94aa72fe957b2064faae1382dc66d01b,
        type: 3}
      propertyPath: m_LocalRotation.x
      value: -0
      objectReference: {fileID: 0}
    - target: {fileID: 4812716941105720087, guid: 94aa72fe957b2064faae1382dc66d01b,
        type: 3}
      propertyPath: m_LocalRotation.y
      value: -0
      objectReference: {fileID: 0}
    - target: {fileID: 4812716941105720087, guid: 94aa72fe957b2064faae1382dc66d01b,
        type: 3}
      propertyPath: m_LocalRotation.z
      value: -0
      objectReference: {fileID: 0}
    - target: {fileID: 4812716941105720087, guid: 94aa72fe957b2064faae1382dc66d01b,
        type: 3}
      propertyPath: m_LocalEulerAnglesHint.x
      value: 0
      objectReference: {fileID: 0}
    - target: {fileID: 4812716941105720087, guid: 94aa72fe957b2064faae1382dc66d01b,
        type: 3}
      propertyPath: m_LocalEulerAnglesHint.y
      value: 0
      objectReference: {fileID: 0}
    - target: {fileID: 4812716941105720087, guid: 94aa72fe957b2064faae1382dc66d01b,
        type: 3}
      propertyPath: m_LocalEulerAnglesHint.z
      value: 0
      objectReference: {fileID: 0}
    - target: {fileID: 4812716941105720091, guid: 94aa72fe957b2064faae1382dc66d01b,
        type: 3}
      propertyPath: m_Name
      value: EvidenciaPrefab (3)
      objectReference: {fileID: 0}
    m_RemovedComponents: []
  m_SourcePrefab: {fileID: 100100000, guid: 94aa72fe957b2064faae1382dc66d01b, type: 3}
--- !u!4 &2018871471081263099 stripped
Transform:
  m_CorrespondingSourceObject: {fileID: 4812716941105720087, guid: 94aa72fe957b2064faae1382dc66d01b,
    type: 3}
  m_PrefabInstance: {fileID: 6831481690299589868}
  m_PrefabAsset: {fileID: 0}
--- !u!1001 &6831481690790684927
PrefabInstance:
  m_ObjectHideFlags: 0
  serializedVersion: 2
  m_Modification:
    m_TransformParent: {fileID: 6831481691586146318}
    m_Modifications:
    - target: {fileID: 4812716941105720087, guid: 94aa72fe957b2064faae1382dc66d01b,
        type: 3}
      propertyPath: m_RootOrder
      value: 2
      objectReference: {fileID: 0}
    - target: {fileID: 4812716941105720087, guid: 94aa72fe957b2064faae1382dc66d01b,
        type: 3}
      propertyPath: m_LocalScale.x
      value: 1
      objectReference: {fileID: 0}
    - target: {fileID: 4812716941105720087, guid: 94aa72fe957b2064faae1382dc66d01b,
        type: 3}
      propertyPath: m_LocalScale.y
      value: 1
      objectReference: {fileID: 0}
    - target: {fileID: 4812716941105720087, guid: 94aa72fe957b2064faae1382dc66d01b,
        type: 3}
      propertyPath: m_LocalScale.z
      value: 1
      objectReference: {fileID: 0}
    - target: {fileID: 4812716941105720087, guid: 94aa72fe957b2064faae1382dc66d01b,
        type: 3}
      propertyPath: m_LocalPosition.x
      value: 0
      objectReference: {fileID: 0}
    - target: {fileID: 4812716941105720087, guid: 94aa72fe957b2064faae1382dc66d01b,
        type: 3}
      propertyPath: m_LocalPosition.y
      value: 0
      objectReference: {fileID: 0}
    - target: {fileID: 4812716941105720087, guid: 94aa72fe957b2064faae1382dc66d01b,
        type: 3}
      propertyPath: m_LocalPosition.z
      value: 0
      objectReference: {fileID: 0}
    - target: {fileID: 4812716941105720087, guid: 94aa72fe957b2064faae1382dc66d01b,
        type: 3}
      propertyPath: m_LocalRotation.w
      value: 1
      objectReference: {fileID: 0}
    - target: {fileID: 4812716941105720087, guid: 94aa72fe957b2064faae1382dc66d01b,
        type: 3}
      propertyPath: m_LocalRotation.x
      value: -0
      objectReference: {fileID: 0}
    - target: {fileID: 4812716941105720087, guid: 94aa72fe957b2064faae1382dc66d01b,
        type: 3}
      propertyPath: m_LocalRotation.y
      value: -0
      objectReference: {fileID: 0}
    - target: {fileID: 4812716941105720087, guid: 94aa72fe957b2064faae1382dc66d01b,
        type: 3}
      propertyPath: m_LocalRotation.z
      value: -0
      objectReference: {fileID: 0}
    - target: {fileID: 4812716941105720087, guid: 94aa72fe957b2064faae1382dc66d01b,
        type: 3}
      propertyPath: m_LocalEulerAnglesHint.x
      value: 0
      objectReference: {fileID: 0}
    - target: {fileID: 4812716941105720087, guid: 94aa72fe957b2064faae1382dc66d01b,
        type: 3}
      propertyPath: m_LocalEulerAnglesHint.y
      value: 0
      objectReference: {fileID: 0}
    - target: {fileID: 4812716941105720087, guid: 94aa72fe957b2064faae1382dc66d01b,
        type: 3}
      propertyPath: m_LocalEulerAnglesHint.z
      value: 0
      objectReference: {fileID: 0}
    - target: {fileID: 4812716941105720091, guid: 94aa72fe957b2064faae1382dc66d01b,
        type: 3}
      propertyPath: m_Name
      value: EvidenciaPrefab (2)
      objectReference: {fileID: 0}
    m_RemovedComponents: []
  m_SourcePrefab: {fileID: 100100000, guid: 94aa72fe957b2064faae1382dc66d01b, type: 3}
--- !u!4 &2018871471638938600 stripped
Transform:
  m_CorrespondingSourceObject: {fileID: 4812716941105720087, guid: 94aa72fe957b2064faae1382dc66d01b,
    type: 3}
  m_PrefabInstance: {fileID: 6831481690790684927}
  m_PrefabAsset: {fileID: 0}
--- !u!1001 &6831481691342382526
PrefabInstance:
  m_ObjectHideFlags: 0
  serializedVersion: 2
  m_Modification:
    m_TransformParent: {fileID: 6831481691586146318}
    m_Modifications:
    - target: {fileID: 4812716941105720087, guid: 94aa72fe957b2064faae1382dc66d01b,
        type: 3}
      propertyPath: m_RootOrder
      value: 6
      objectReference: {fileID: 0}
    - target: {fileID: 4812716941105720087, guid: 94aa72fe957b2064faae1382dc66d01b,
        type: 3}
      propertyPath: m_LocalScale.x
      value: 1
      objectReference: {fileID: 0}
    - target: {fileID: 4812716941105720087, guid: 94aa72fe957b2064faae1382dc66d01b,
        type: 3}
      propertyPath: m_LocalScale.y
      value: 1
      objectReference: {fileID: 0}
    - target: {fileID: 4812716941105720087, guid: 94aa72fe957b2064faae1382dc66d01b,
        type: 3}
      propertyPath: m_LocalScale.z
      value: 1
      objectReference: {fileID: 0}
    - target: {fileID: 4812716941105720087, guid: 94aa72fe957b2064faae1382dc66d01b,
        type: 3}
      propertyPath: m_LocalPosition.x
      value: 0
      objectReference: {fileID: 0}
    - target: {fileID: 4812716941105720087, guid: 94aa72fe957b2064faae1382dc66d01b,
        type: 3}
      propertyPath: m_LocalPosition.y
      value: 0
      objectReference: {fileID: 0}
    - target: {fileID: 4812716941105720087, guid: 94aa72fe957b2064faae1382dc66d01b,
        type: 3}
      propertyPath: m_LocalPosition.z
      value: 0
      objectReference: {fileID: 0}
    - target: {fileID: 4812716941105720087, guid: 94aa72fe957b2064faae1382dc66d01b,
        type: 3}
      propertyPath: m_LocalRotation.w
      value: 1
      objectReference: {fileID: 0}
    - target: {fileID: 4812716941105720087, guid: 94aa72fe957b2064faae1382dc66d01b,
        type: 3}
      propertyPath: m_LocalRotation.x
      value: -0
      objectReference: {fileID: 0}
    - target: {fileID: 4812716941105720087, guid: 94aa72fe957b2064faae1382dc66d01b,
        type: 3}
      propertyPath: m_LocalRotation.y
      value: -0
      objectReference: {fileID: 0}
    - target: {fileID: 4812716941105720087, guid: 94aa72fe957b2064faae1382dc66d01b,
        type: 3}
      propertyPath: m_LocalRotation.z
      value: -0
      objectReference: {fileID: 0}
    - target: {fileID: 4812716941105720087, guid: 94aa72fe957b2064faae1382dc66d01b,
        type: 3}
      propertyPath: m_LocalEulerAnglesHint.x
      value: 0
      objectReference: {fileID: 0}
    - target: {fileID: 4812716941105720087, guid: 94aa72fe957b2064faae1382dc66d01b,
        type: 3}
      propertyPath: m_LocalEulerAnglesHint.y
      value: 0
      objectReference: {fileID: 0}
    - target: {fileID: 4812716941105720087, guid: 94aa72fe957b2064faae1382dc66d01b,
        type: 3}
      propertyPath: m_LocalEulerAnglesHint.z
      value: 0
      objectReference: {fileID: 0}
    - target: {fileID: 4812716941105720091, guid: 94aa72fe957b2064faae1382dc66d01b,
        type: 3}
      propertyPath: m_Name
      value: EvidenciaPrefab (6)
      objectReference: {fileID: 0}
    m_RemovedComponents: []
  m_SourcePrefab: {fileID: 100100000, guid: 94aa72fe957b2064faae1382dc66d01b, type: 3}
--- !u!4 &2018871472156593833 stripped
Transform:
  m_CorrespondingSourceObject: {fileID: 4812716941105720087, guid: 94aa72fe957b2064faae1382dc66d01b,
    type: 3}
  m_PrefabInstance: {fileID: 6831481691342382526}
  m_PrefabAsset: {fileID: 0}
--- !u!1001 &6831481691439565001
PrefabInstance:
  m_ObjectHideFlags: 0
  serializedVersion: 2
  m_Modification:
    m_TransformParent: {fileID: 6831481691586146318}
    m_Modifications:
    - target: {fileID: 4812716941105720087, guid: 94aa72fe957b2064faae1382dc66d01b,
        type: 3}
      propertyPath: m_RootOrder
      value: 0
      objectReference: {fileID: 0}
    - target: {fileID: 4812716941105720087, guid: 94aa72fe957b2064faae1382dc66d01b,
        type: 3}
      propertyPath: m_LocalScale.x
      value: 1
      objectReference: {fileID: 0}
    - target: {fileID: 4812716941105720087, guid: 94aa72fe957b2064faae1382dc66d01b,
        type: 3}
      propertyPath: m_LocalScale.y
      value: 1
      objectReference: {fileID: 0}
    - target: {fileID: 4812716941105720087, guid: 94aa72fe957b2064faae1382dc66d01b,
        type: 3}
      propertyPath: m_LocalScale.z
      value: 1
      objectReference: {fileID: 0}
    - target: {fileID: 4812716941105720087, guid: 94aa72fe957b2064faae1382dc66d01b,
        type: 3}
      propertyPath: m_LocalPosition.x
      value: 0
      objectReference: {fileID: 0}
    - target: {fileID: 4812716941105720087, guid: 94aa72fe957b2064faae1382dc66d01b,
        type: 3}
      propertyPath: m_LocalPosition.y
      value: 0
      objectReference: {fileID: 0}
    - target: {fileID: 4812716941105720087, guid: 94aa72fe957b2064faae1382dc66d01b,
        type: 3}
      propertyPath: m_LocalPosition.z
      value: 0
      objectReference: {fileID: 0}
    - target: {fileID: 4812716941105720087, guid: 94aa72fe957b2064faae1382dc66d01b,
        type: 3}
      propertyPath: m_LocalRotation.w
      value: 1
      objectReference: {fileID: 0}
    - target: {fileID: 4812716941105720087, guid: 94aa72fe957b2064faae1382dc66d01b,
        type: 3}
      propertyPath: m_LocalRotation.x
      value: -0
      objectReference: {fileID: 0}
    - target: {fileID: 4812716941105720087, guid: 94aa72fe957b2064faae1382dc66d01b,
        type: 3}
      propertyPath: m_LocalRotation.y
      value: -0
      objectReference: {fileID: 0}
    - target: {fileID: 4812716941105720087, guid: 94aa72fe957b2064faae1382dc66d01b,
        type: 3}
      propertyPath: m_LocalRotation.z
      value: -0
      objectReference: {fileID: 0}
    - target: {fileID: 4812716941105720087, guid: 94aa72fe957b2064faae1382dc66d01b,
        type: 3}
      propertyPath: m_LocalEulerAnglesHint.x
      value: 0
      objectReference: {fileID: 0}
    - target: {fileID: 4812716941105720087, guid: 94aa72fe957b2064faae1382dc66d01b,
        type: 3}
      propertyPath: m_LocalEulerAnglesHint.y
      value: 0
      objectReference: {fileID: 0}
    - target: {fileID: 4812716941105720087, guid: 94aa72fe957b2064faae1382dc66d01b,
        type: 3}
      propertyPath: m_LocalEulerAnglesHint.z
      value: 0
      objectReference: {fileID: 0}
    - target: {fileID: 4812716941105720091, guid: 94aa72fe957b2064faae1382dc66d01b,
        type: 3}
      propertyPath: m_Name
      value: EvidenciaPrefab
      objectReference: {fileID: 0}
    m_RemovedComponents: []
  m_SourcePrefab: {fileID: 100100000, guid: 94aa72fe957b2064faae1382dc66d01b, type: 3}
--- !u!4 &2018871472084968414 stripped
Transform:
  m_CorrespondingSourceObject: {fileID: 4812716941105720087, guid: 94aa72fe957b2064faae1382dc66d01b,
    type: 3}
  m_PrefabInstance: {fileID: 6831481691439565001}
  m_PrefabAsset: {fileID: 0}
--- !u!1001 &6831481691484076699
PrefabInstance:
  m_ObjectHideFlags: 0
  serializedVersion: 2
  m_Modification:
    m_TransformParent: {fileID: 6831481691586146318}
    m_Modifications:
    - target: {fileID: 4812716941105720087, guid: 94aa72fe957b2064faae1382dc66d01b,
        type: 3}
      propertyPath: m_RootOrder
      value: 4
      objectReference: {fileID: 0}
    - target: {fileID: 4812716941105720087, guid: 94aa72fe957b2064faae1382dc66d01b,
        type: 3}
      propertyPath: m_LocalScale.x
      value: 1
      objectReference: {fileID: 0}
    - target: {fileID: 4812716941105720087, guid: 94aa72fe957b2064faae1382dc66d01b,
        type: 3}
      propertyPath: m_LocalScale.y
      value: 1
      objectReference: {fileID: 0}
    - target: {fileID: 4812716941105720087, guid: 94aa72fe957b2064faae1382dc66d01b,
        type: 3}
      propertyPath: m_LocalScale.z
      value: 1
      objectReference: {fileID: 0}
    - target: {fileID: 4812716941105720087, guid: 94aa72fe957b2064faae1382dc66d01b,
        type: 3}
      propertyPath: m_LocalPosition.x
      value: 0
      objectReference: {fileID: 0}
    - target: {fileID: 4812716941105720087, guid: 94aa72fe957b2064faae1382dc66d01b,
        type: 3}
      propertyPath: m_LocalPosition.y
      value: 0
      objectReference: {fileID: 0}
    - target: {fileID: 4812716941105720087, guid: 94aa72fe957b2064faae1382dc66d01b,
        type: 3}
      propertyPath: m_LocalPosition.z
      value: 0
      objectReference: {fileID: 0}
    - target: {fileID: 4812716941105720087, guid: 94aa72fe957b2064faae1382dc66d01b,
        type: 3}
      propertyPath: m_LocalRotation.w
      value: 1
      objectReference: {fileID: 0}
    - target: {fileID: 4812716941105720087, guid: 94aa72fe957b2064faae1382dc66d01b,
        type: 3}
      propertyPath: m_LocalRotation.x
      value: -0
      objectReference: {fileID: 0}
    - target: {fileID: 4812716941105720087, guid: 94aa72fe957b2064faae1382dc66d01b,
        type: 3}
      propertyPath: m_LocalRotation.y
      value: -0
      objectReference: {fileID: 0}
    - target: {fileID: 4812716941105720087, guid: 94aa72fe957b2064faae1382dc66d01b,
        type: 3}
      propertyPath: m_LocalRotation.z
      value: -0
      objectReference: {fileID: 0}
    - target: {fileID: 4812716941105720087, guid: 94aa72fe957b2064faae1382dc66d01b,
        type: 3}
      propertyPath: m_LocalEulerAnglesHint.x
      value: 0
      objectReference: {fileID: 0}
    - target: {fileID: 4812716941105720087, guid: 94aa72fe957b2064faae1382dc66d01b,
        type: 3}
      propertyPath: m_LocalEulerAnglesHint.y
      value: 0
      objectReference: {fileID: 0}
    - target: {fileID: 4812716941105720087, guid: 94aa72fe957b2064faae1382dc66d01b,
        type: 3}
      propertyPath: m_LocalEulerAnglesHint.z
      value: 0
      objectReference: {fileID: 0}
    - target: {fileID: 4812716941105720091, guid: 94aa72fe957b2064faae1382dc66d01b,
        type: 3}
      propertyPath: m_Name
      value: EvidenciaPrefab (4)
      objectReference: {fileID: 0}
    m_RemovedComponents: []
  m_SourcePrefab: {fileID: 100100000, guid: 94aa72fe957b2064faae1382dc66d01b, type: 3}
--- !u!4 &2018871472027750796 stripped
Transform:
  m_CorrespondingSourceObject: {fileID: 4812716941105720087, guid: 94aa72fe957b2064faae1382dc66d01b,
    type: 3}
  m_PrefabInstance: {fileID: 6831481691484076699}
  m_PrefabAsset: {fileID: 0}
--- !u!1001 &6831481691503105069
PrefabInstance:
  m_ObjectHideFlags: 0
  serializedVersion: 2
  m_Modification:
    m_TransformParent: {fileID: 6831481691586146318}
    m_Modifications:
    - target: {fileID: 4812716941105720087, guid: 94aa72fe957b2064faae1382dc66d01b,
        type: 3}
      propertyPath: m_RootOrder
      value: 5
      objectReference: {fileID: 0}
    - target: {fileID: 4812716941105720087, guid: 94aa72fe957b2064faae1382dc66d01b,
        type: 3}
      propertyPath: m_LocalScale.x
      value: 1
      objectReference: {fileID: 0}
    - target: {fileID: 4812716941105720087, guid: 94aa72fe957b2064faae1382dc66d01b,
        type: 3}
      propertyPath: m_LocalScale.y
      value: 1
      objectReference: {fileID: 0}
    - target: {fileID: 4812716941105720087, guid: 94aa72fe957b2064faae1382dc66d01b,
        type: 3}
      propertyPath: m_LocalScale.z
      value: 1
      objectReference: {fileID: 0}
    - target: {fileID: 4812716941105720087, guid: 94aa72fe957b2064faae1382dc66d01b,
        type: 3}
      propertyPath: m_LocalPosition.x
      value: 0
      objectReference: {fileID: 0}
    - target: {fileID: 4812716941105720087, guid: 94aa72fe957b2064faae1382dc66d01b,
        type: 3}
      propertyPath: m_LocalPosition.y
      value: 0
      objectReference: {fileID: 0}
    - target: {fileID: 4812716941105720087, guid: 94aa72fe957b2064faae1382dc66d01b,
        type: 3}
      propertyPath: m_LocalPosition.z
      value: 0
      objectReference: {fileID: 0}
    - target: {fileID: 4812716941105720087, guid: 94aa72fe957b2064faae1382dc66d01b,
        type: 3}
      propertyPath: m_LocalRotation.w
      value: 1
      objectReference: {fileID: 0}
    - target: {fileID: 4812716941105720087, guid: 94aa72fe957b2064faae1382dc66d01b,
        type: 3}
      propertyPath: m_LocalRotation.x
      value: -0
      objectReference: {fileID: 0}
    - target: {fileID: 4812716941105720087, guid: 94aa72fe957b2064faae1382dc66d01b,
        type: 3}
      propertyPath: m_LocalRotation.y
      value: -0
      objectReference: {fileID: 0}
    - target: {fileID: 4812716941105720087, guid: 94aa72fe957b2064faae1382dc66d01b,
        type: 3}
      propertyPath: m_LocalRotation.z
      value: -0
      objectReference: {fileID: 0}
    - target: {fileID: 4812716941105720087, guid: 94aa72fe957b2064faae1382dc66d01b,
        type: 3}
      propertyPath: m_LocalEulerAnglesHint.x
      value: 0
      objectReference: {fileID: 0}
    - target: {fileID: 4812716941105720087, guid: 94aa72fe957b2064faae1382dc66d01b,
        type: 3}
      propertyPath: m_LocalEulerAnglesHint.y
      value: 0
      objectReference: {fileID: 0}
    - target: {fileID: 4812716941105720087, guid: 94aa72fe957b2064faae1382dc66d01b,
        type: 3}
      propertyPath: m_LocalEulerAnglesHint.z
      value: 0
      objectReference: {fileID: 0}
    - target: {fileID: 4812716941105720091, guid: 94aa72fe957b2064faae1382dc66d01b,
        type: 3}
      propertyPath: m_Name
      value: EvidenciaPrefab (5)
      objectReference: {fileID: 0}
    m_RemovedComponents: []
  m_SourcePrefab: {fileID: 100100000, guid: 94aa72fe957b2064faae1382dc66d01b, type: 3}
--- !u!4 &2018871472016916282 stripped
Transform:
  m_CorrespondingSourceObject: {fileID: 4812716941105720087, guid: 94aa72fe957b2064faae1382dc66d01b,
    type: 3}
  m_PrefabInstance: {fileID: 6831481691503105069}
  m_PrefabAsset: {fileID: 0}
--- !u!1001 &6831481692036011495
PrefabInstance:
  m_ObjectHideFlags: 0
  serializedVersion: 2
  m_Modification:
    m_TransformParent: {fileID: 6831481691586146318}
    m_Modifications:
    - target: {fileID: 4812716941105720087, guid: 94aa72fe957b2064faae1382dc66d01b,
        type: 3}
      propertyPath: m_RootOrder
      value: 1
      objectReference: {fileID: 0}
    - target: {fileID: 4812716941105720087, guid: 94aa72fe957b2064faae1382dc66d01b,
        type: 3}
      propertyPath: m_LocalScale.x
      value: 1
      objectReference: {fileID: 0}
    - target: {fileID: 4812716941105720087, guid: 94aa72fe957b2064faae1382dc66d01b,
        type: 3}
      propertyPath: m_LocalScale.y
      value: 1
      objectReference: {fileID: 0}
    - target: {fileID: 4812716941105720087, guid: 94aa72fe957b2064faae1382dc66d01b,
        type: 3}
      propertyPath: m_LocalScale.z
      value: 1
      objectReference: {fileID: 0}
    - target: {fileID: 4812716941105720087, guid: 94aa72fe957b2064faae1382dc66d01b,
        type: 3}
      propertyPath: m_LocalPosition.x
      value: 0
      objectReference: {fileID: 0}
    - target: {fileID: 4812716941105720087, guid: 94aa72fe957b2064faae1382dc66d01b,
        type: 3}
      propertyPath: m_LocalPosition.y
      value: 0
      objectReference: {fileID: 0}
    - target: {fileID: 4812716941105720087, guid: 94aa72fe957b2064faae1382dc66d01b,
        type: 3}
      propertyPath: m_LocalPosition.z
      value: 0
      objectReference: {fileID: 0}
    - target: {fileID: 4812716941105720087, guid: 94aa72fe957b2064faae1382dc66d01b,
        type: 3}
      propertyPath: m_LocalRotation.w
      value: 1
      objectReference: {fileID: 0}
    - target: {fileID: 4812716941105720087, guid: 94aa72fe957b2064faae1382dc66d01b,
        type: 3}
      propertyPath: m_LocalRotation.x
      value: -0
      objectReference: {fileID: 0}
    - target: {fileID: 4812716941105720087, guid: 94aa72fe957b2064faae1382dc66d01b,
        type: 3}
      propertyPath: m_LocalRotation.y
      value: -0
      objectReference: {fileID: 0}
    - target: {fileID: 4812716941105720087, guid: 94aa72fe957b2064faae1382dc66d01b,
        type: 3}
      propertyPath: m_LocalRotation.z
      value: -0
      objectReference: {fileID: 0}
    - target: {fileID: 4812716941105720087, guid: 94aa72fe957b2064faae1382dc66d01b,
        type: 3}
      propertyPath: m_LocalEulerAnglesHint.x
      value: 0
      objectReference: {fileID: 0}
    - target: {fileID: 4812716941105720087, guid: 94aa72fe957b2064faae1382dc66d01b,
        type: 3}
      propertyPath: m_LocalEulerAnglesHint.y
      value: 0
      objectReference: {fileID: 0}
    - target: {fileID: 4812716941105720087, guid: 94aa72fe957b2064faae1382dc66d01b,
        type: 3}
      propertyPath: m_LocalEulerAnglesHint.z
      value: 0
      objectReference: {fileID: 0}
    - target: {fileID: 4812716941105720091, guid: 94aa72fe957b2064faae1382dc66d01b,
        type: 3}
      propertyPath: m_Name
      value: EvidenciaPrefab (1)
      objectReference: {fileID: 0}
    m_RemovedComponents: []
  m_SourcePrefab: {fileID: 100100000, guid: 94aa72fe957b2064faae1382dc66d01b, type: 3}
--- !u!4 &2018871472549297904 stripped
Transform:
  m_CorrespondingSourceObject: {fileID: 4812716941105720087, guid: 94aa72fe957b2064faae1382dc66d01b,
    type: 3}
  m_PrefabInstance: {fileID: 6831481692036011495}
  m_PrefabAsset: {fileID: 0}
