%YAML 1.1
%TAG !u! tag:unity3d.com,2011:
--- !u!1 &1348477179
GameObject:
  m_ObjectHideFlags: 0
  m_CorrespondingSourceObject: {fileID: 0}
  m_PrefabInstance: {fileID: 0}
  m_PrefabAsset: {fileID: 0}
  serializedVersion: 6
  m_Component:
  - component: {fileID: 1348477180}
  - component: {fileID: 1348477182}
  - component: {fileID: 1348477181}
  m_Layer: 0
  m_Name: Image
  m_TagString: Untagged
  m_Icon: {fileID: 0}
  m_NavMeshLayer: 0
  m_StaticEditorFlags: 0
  m_IsActive: 1
--- !u!224 &1348477180
RectTransform:
  m_ObjectHideFlags: 0
  m_CorrespondingSourceObject: {fileID: 0}
  m_PrefabInstance: {fileID: 0}
  m_PrefabAsset: {fileID: 0}
  m_GameObject: {fileID: 1348477179}
  m_LocalRotation: {x: -0, y: -0, z: -0, w: 1}
  m_LocalPosition: {x: 0, y: 0, z: 0}
  m_LocalScale: {x: 0.16314514, y: 0.16314514, z: 0.16314514}
  m_Children: []
  m_Father: {fileID: 502445238461558429}
  m_RootOrder: 0
  m_LocalEulerAnglesHint: {x: 0, y: 0, z: 0}
  m_AnchorMin: {x: 0.5, y: 0.5}
  m_AnchorMax: {x: 0.5, y: 0.5}
  m_AnchoredPosition: {x: 88.00006, y: 138.66664}
  m_SizeDelta: {x: 1280, y: 720}
  m_Pivot: {x: 0.5, y: 0.5}
--- !u!222 &1348477182
CanvasRenderer:
  m_ObjectHideFlags: 0
  m_CorrespondingSourceObject: {fileID: 0}
  m_PrefabInstance: {fileID: 0}
  m_PrefabAsset: {fileID: 0}
  m_GameObject: {fileID: 1348477179}
  m_CullTransparentMesh: 1
--- !u!114 &1348477181
MonoBehaviour:
  m_ObjectHideFlags: 0
  m_CorrespondingSourceObject: {fileID: 0}
  m_PrefabInstance: {fileID: 0}
  m_PrefabAsset: {fileID: 0}
  m_GameObject: {fileID: 1348477179}
  m_Enabled: 1
  m_EditorHideFlags: 0
  m_Script: {fileID: 11500000, guid: fe87c0e1cc204ed48ad3b37840f39efc, type: 3}
  m_Name: 
  m_EditorClassIdentifier: 
  m_Material: {fileID: 0}
  m_Color: {r: 1, g: 1, b: 1, a: 1}
  m_RaycastTarget: 1
  m_RaycastPadding: {x: 0, y: 0, z: 0, w: 0}
  m_Maskable: 1
  m_OnCullStateChanged:
    m_PersistentCalls:
      m_Calls: []
  m_Sprite: {fileID: 21300000, guid: c5c727954edabc44f8d2b408b137ff54, type: 3}
  m_Type: 0
  m_PreserveAspect: 0
  m_FillCenter: 1
  m_FillMethod: 4
  m_FillAmount: 1
  m_FillClockwise: 1
  m_FillOrigin: 0
  m_UseSpriteMesh: 0
  m_PixelsPerUnitMultiplier: 1
--- !u!1 &502445237921380676
GameObject:
  m_ObjectHideFlags: 0
  m_CorrespondingSourceObject: {fileID: 0}
  m_PrefabInstance: {fileID: 0}
  m_PrefabAsset: {fileID: 0}
  serializedVersion: 6
  m_Component:
  - component: {fileID: 502445237921380677}
  - component: {fileID: 502445237921380678}
  - component: {fileID: 4102115587790871332}
  - component: {fileID: 4102115587790871339}
  - component: {fileID: 698867394}
  m_Layer: 0
  m_Name: PainelMenu 1
  m_TagString: painelmenu
  m_Icon: {fileID: 0}
  m_NavMeshLayer: 0
  m_StaticEditorFlags: 0
  m_IsActive: 1
--- !u!4 &502445237921380677
Transform:
  m_ObjectHideFlags: 0
  m_CorrespondingSourceObject: {fileID: 0}
  m_PrefabInstance: {fileID: 0}
  m_PrefabAsset: {fileID: 0}
  m_GameObject: {fileID: 502445237921380676}
  m_LocalRotation: {x: 0, y: 0, z: 0, w: 1}
  m_LocalPosition: {x: 0, y: 0, z: 0}
  m_LocalScale: {x: 1, y: 1, z: 1}
  m_Children:
  - {fileID: 502445238501789912}
  m_Father: {fileID: 0}
  m_RootOrder: 0
  m_LocalEulerAnglesHint: {x: 0, y: 0, z: 0}
--- !u!114 &502445237921380678
MonoBehaviour:
  m_ObjectHideFlags: 0
  m_CorrespondingSourceObject: {fileID: 0}
  m_PrefabInstance: {fileID: 0}
  m_PrefabAsset: {fileID: 0}
  m_GameObject: {fileID: 502445237921380676}
  m_Enabled: 1
  m_EditorHideFlags: 0
  m_Script: {fileID: 11500000, guid: f133ac263d6b02149a3493938da0c0c3, type: 3}
  m_Name: 
  m_EditorClassIdentifier: 
  canvas: {fileID: 502445238501789895}
--- !u!114 &4102115587790871332
MonoBehaviour:
  m_ObjectHideFlags: 0
  m_CorrespondingSourceObject: {fileID: 0}
  m_PrefabInstance: {fileID: 0}
  m_PrefabAsset: {fileID: 0}
  m_GameObject: {fileID: 502445237921380676}
  m_Enabled: 1
  m_EditorHideFlags: 0
  m_Script: {fileID: 11500000, guid: 242b4fdcafee17845aae9da831494216, type: 3}
  m_Name: 
  m_EditorClassIdentifier: 
  audioMixer: {fileID: 24100000, guid: e8fca92ef1eccee44ae918bc3b186763, type: 2}
  nickname: {fileID: 0}
--- !u!114 &4102115587790871339
MonoBehaviour:
  m_ObjectHideFlags: 0
  m_CorrespondingSourceObject: {fileID: 0}
  m_PrefabInstance: {fileID: 0}
  m_PrefabAsset: {fileID: 0}
  m_GameObject: {fileID: 502445237921380676}
  m_Enabled: 1
  m_EditorHideFlags: 0
  m_Script: {fileID: 11500000, guid: 71f213f5e104b184f869c40d98f5ee17, type: 3}
  m_Name: 
  m_EditorClassIdentifier: 
--- !u!114 &698867394
MonoBehaviour:
  m_ObjectHideFlags: 0
  m_CorrespondingSourceObject: {fileID: 0}
  m_PrefabInstance: {fileID: 0}
  m_PrefabAsset: {fileID: 0}
  m_GameObject: {fileID: 502445237921380676}
  m_Enabled: 1
  m_EditorHideFlags: 0
  m_Script: {fileID: 11500000, guid: 375fa46c995e5d349913358b10d757fc, type: 3}
  m_Name: 
  m_EditorClassIdentifier: 
  singleplayer: {fileID: 4102115587571252131}
  multiplayer: {fileID: 4102115587590666711}
  settings: {fileID: 4102115587774725010}
  settings2: {fileID: 1049667996}
  quit: {fileID: 4102115587812461793}
  confirm: {fileID: 502445237988502455}
  idioma: {fileID: 7730380943995654401}
  resolution: {fileID: 7657796983371684611}
  quality: {fileID: 3262392647873921277}
  fullscreen: {fileID: 502445238103631193}
  sensivity: {fileID: 502445237833074391}
  respawn: {fileID: 0}
  restartGame: {fileID: 0}
  returnLobby: {fileID: 0}
  loading: {fileID: 0}
  findRoom: {fileID: 0}
  createRoom: {fileID: 0}
  mainMenu: {fileID: 0}
  criar: {fileID: 0}
  startGame: {fileID: 0}
  startGame2: {fileID: 0}
  leaveRoom: {fileID: 0}
  findRoom2: {fileID: 0}
  voltar: {fileID: 0}
  continuar: {fileID: 0}
  placeholderNickname: {fileID: 0}
  placeholderRoomName: {fileID: 0}
  placeholderRoomPassword: {fileID: 0}
  entrar: {fileID: 0}
  placeholderPassword: {fileID: 0}
  confirmar: {fileID: 0}
  cancelar: {fileID: 0}
  controles: {fileID: 1547239149}
  txW: {fileID: 15930334}
  txA: {fileID: 1598350258}
  txS: {fileID: 894250119}
  txD: {fileID: 2038524343}
  txCtrl: {fileID: 1025688559}
  txCorrer: {fileID: 192344361}
  txEspaco: {fileID: 880590988}
  txMouseDir: {fileID: 509954392}
  txMouseEsq: {fileID: 1101974108}
  txF: {fileID: 1828726532}
--- !u!1 &502445237985857437
GameObject:
  m_ObjectHideFlags: 0
  m_CorrespondingSourceObject: {fileID: 0}
  m_PrefabInstance: {fileID: 0}
  m_PrefabAsset: {fileID: 0}
  serializedVersion: 6
  m_Component:
  - component: {fileID: 502445237985857438}
  - component: {fileID: 502445237985857425}
  - component: {fileID: 502445237985857424}
  - component: {fileID: 502445237985857439}
  m_Layer: 0
  m_Name: Button
  m_TagString: Untagged
  m_Icon: {fileID: 0}
  m_NavMeshLayer: 0
  m_StaticEditorFlags: 0
  m_IsActive: 1
--- !u!224 &502445237985857438
RectTransform:
  m_ObjectHideFlags: 0
  m_CorrespondingSourceObject: {fileID: 0}
  m_PrefabInstance: {fileID: 0}
  m_PrefabAsset: {fileID: 0}
  m_GameObject: {fileID: 502445237985857437}
  m_LocalRotation: {x: -0, y: -0, z: -0, w: 1}
  m_LocalPosition: {x: 0, y: 0, z: 0}
  m_LocalScale: {x: -1.2635, y: 0.54080033, z: 0.76}
  m_Children:
  - {fileID: 4102115587774725011}
  m_Father: {fileID: 502445238461558429}
  m_RootOrder: 4
  m_LocalEulerAnglesHint: {x: 0, y: 0, z: 0}
  m_AnchorMin: {x: 0.5, y: 0.5}
  m_AnchorMax: {x: 0.5, y: 0.5}
  m_AnchoredPosition: {x: 88.001465, y: -31.4}
  m_SizeDelta: {x: 200, y: 50}
  m_Pivot: {x: 0.5, y: 0.5}
--- !u!222 &502445237985857425
CanvasRenderer:
  m_ObjectHideFlags: 0
  m_CorrespondingSourceObject: {fileID: 0}
  m_PrefabInstance: {fileID: 0}
  m_PrefabAsset: {fileID: 0}
  m_GameObject: {fileID: 502445237985857437}
  m_CullTransparentMesh: 1
--- !u!114 &502445237985857424
MonoBehaviour:
  m_ObjectHideFlags: 0
  m_CorrespondingSourceObject: {fileID: 0}
  m_PrefabInstance: {fileID: 0}
  m_PrefabAsset: {fileID: 0}
  m_GameObject: {fileID: 502445237985857437}
  m_Enabled: 1
  m_EditorHideFlags: 0
  m_Script: {fileID: 11500000, guid: fe87c0e1cc204ed48ad3b37840f39efc, type: 3}
  m_Name: 
  m_EditorClassIdentifier: 
  m_Material: {fileID: 0}
  m_Color: {r: 1, g: 1, b: 1, a: 0.36862746}
  m_RaycastTarget: 1
  m_RaycastPadding: {x: 0, y: 0, z: 0, w: 0}
  m_Maskable: 1
  m_OnCullStateChanged:
    m_PersistentCalls:
      m_Calls: []
  m_Sprite: {fileID: 21300000, guid: 600bee74e2a6a914f992869a41495e04, type: 3}
  m_Type: 0
  m_PreserveAspect: 0
  m_FillCenter: 1
  m_FillMethod: 4
  m_FillAmount: 1
  m_FillClockwise: 1
  m_FillOrigin: 0
  m_UseSpriteMesh: 0
  m_PixelsPerUnitMultiplier: 1
--- !u!114 &502445237985857439
MonoBehaviour:
  m_ObjectHideFlags: 0
  m_CorrespondingSourceObject: {fileID: 0}
  m_PrefabInstance: {fileID: 0}
  m_PrefabAsset: {fileID: 0}
  m_GameObject: {fileID: 502445237985857437}
  m_Enabled: 1
  m_EditorHideFlags: 0
  m_Script: {fileID: 11500000, guid: 4e29b1a8efbd4b44bb3f3716e73f07ff, type: 3}
  m_Name: 
  m_EditorClassIdentifier: 
  m_Navigation:
    m_Mode: 3
    m_WrapAround: 0
    m_SelectOnUp: {fileID: 0}
    m_SelectOnDown: {fileID: 0}
    m_SelectOnLeft: {fileID: 0}
    m_SelectOnRight: {fileID: 0}
  m_Transition: 1
  m_Colors:
    m_NormalColor: {r: 1, g: 1, b: 1, a: 0}
    m_HighlightedColor: {r: 0.27450982, g: 0.5058824, b: 0.41960785, a: 0.9098039}
    m_PressedColor: {r: 0.78431374, g: 0.78431374, b: 0.78431374, a: 1}
    m_SelectedColor: {r: 0.9607843, g: 0.9607843, b: 0.9607843, a: 1}
    m_DisabledColor: {r: 0.78431374, g: 0.78431374, b: 0.78431374, a: 0.5019608}
    m_ColorMultiplier: 1
    m_FadeDuration: 0.1
  m_SpriteState:
    m_HighlightedSprite: {fileID: 0}
    m_PressedSprite: {fileID: 0}
    m_SelectedSprite: {fileID: 0}
    m_DisabledSprite: {fileID: 0}
  m_AnimationTriggers:
    m_NormalTrigger: Normal
    m_HighlightedTrigger: Highlighted
    m_PressedTrigger: Pressed
    m_SelectedTrigger: Selected
    m_DisabledTrigger: Disabled
  m_Interactable: 1
  m_TargetGraphic: {fileID: 502445237985857424}
  m_OnClick:
    m_PersistentCalls:
      m_Calls:
      - m_Target: {fileID: 502445238501789913}
        m_TargetAssemblyTypeName: MenuManager, Assembly-CSharp
        m_MethodName: OpenMenu
        m_Mode: 2
        m_Arguments:
          m_ObjectArgument: {fileID: 502445237889199671}
          m_ObjectArgumentAssemblyTypeName: Menu, Assembly-CSharp
          m_IntArgument: 0
          m_FloatArgument: 0
          m_StringArgument: menuconfiguracoes
          m_BoolArgument: 0
        m_CallState: 2
      - m_Target: {fileID: 502445238501789913}
        m_TargetAssemblyTypeName: MenuManager, Assembly-CSharp
        m_MethodName: CloseMenu
        m_Mode: 2
        m_Arguments:
          m_ObjectArgument: {fileID: 502445238796078717}
          m_ObjectArgumentAssemblyTypeName: Menu, Assembly-CSharp
          m_IntArgument: 0
          m_FloatArgument: 0
          m_StringArgument: 
          m_BoolArgument: 0
        m_CallState: 2
--- !u!1 &502445238461558428
GameObject:
  m_ObjectHideFlags: 0
  m_CorrespondingSourceObject: {fileID: 0}
  m_PrefabInstance: {fileID: 0}
  m_PrefabAsset: {fileID: 0}
  serializedVersion: 6
  m_Component:
  - component: {fileID: 502445238461558429}
  - component: {fileID: 502445238796078717}
  m_Layer: 0
  m_Name: MenuPrincipal
  m_TagString: Untagged
  m_Icon: {fileID: 0}
  m_NavMeshLayer: 0
  m_StaticEditorFlags: 0
  m_IsActive: 1
--- !u!224 &502445238461558429
RectTransform:
  m_ObjectHideFlags: 0
  m_CorrespondingSourceObject: {fileID: 0}
  m_PrefabInstance: {fileID: 0}
  m_PrefabAsset: {fileID: 0}
  m_GameObject: {fileID: 502445238461558428}
  m_LocalRotation: {x: 0, y: 0, z: 0, w: 1}
  m_LocalPosition: {x: 0, y: 0, z: 0}
  m_LocalScale: {x: 3, y: 3, z: 3}
  m_Children:
  - {fileID: 1348477180}
  - {fileID: 8706778366098302102}
  - {fileID: 4102115588205686387}
  - {fileID: 502445239343984880}
  - {fileID: 502445237985857438}
  - {fileID: 1379594086619024079}
  m_Father: {fileID: 502445238501789912}
  m_RootOrder: 0
  m_LocalEulerAnglesHint: {x: 0, y: 0, z: 0}
  m_AnchorMin: {x: 0.5, y: 0.5}
  m_AnchorMax: {x: 0.5, y: 0.5}
  m_AnchoredPosition: {x: -841, y: -112}
  m_SizeDelta: {x: 400, y: 400}
  m_Pivot: {x: 0.5, y: 0.5}
--- !u!114 &502445238796078717
MonoBehaviour:
  m_ObjectHideFlags: 0
  m_CorrespondingSourceObject: {fileID: 0}
  m_PrefabInstance: {fileID: 0}
  m_PrefabAsset: {fileID: 0}
  m_GameObject: {fileID: 502445238461558428}
  m_Enabled: 1
  m_EditorHideFlags: 0
  m_Script: {fileID: 11500000, guid: 0c615795069bcf2419725c1e0e39b8b7, type: 3}
  m_Name: 
  m_EditorClassIdentifier: 
  menuName: menuprincipal
  open: 1
--- !u!1 &502445238501789895
GameObject:
  m_ObjectHideFlags: 0
  m_CorrespondingSourceObject: {fileID: 0}
  m_PrefabInstance: {fileID: 0}
  m_PrefabAsset: {fileID: 0}
  serializedVersion: 6
  m_Component:
  - component: {fileID: 502445238501789912}
  - component: {fileID: 502445238501789916}
  - component: {fileID: 502445238501789915}
  - component: {fileID: 502445238501789914}
  - component: {fileID: 502445238501789913}
  - component: {fileID: 4102115588917059333}
  - component: {fileID: 1642960419}
  m_Layer: 0
  m_Name: CanvasMenu
  m_TagString: Untagged
  m_Icon: {fileID: 0}
  m_NavMeshLayer: 0
  m_StaticEditorFlags: 0
  m_IsActive: 1
--- !u!224 &502445238501789912
RectTransform:
  m_ObjectHideFlags: 0
  m_CorrespondingSourceObject: {fileID: 0}
  m_PrefabInstance: {fileID: 0}
  m_PrefabAsset: {fileID: 0}
  m_GameObject: {fileID: 502445238501789895}
  m_LocalRotation: {x: 0, y: 0, z: 0, w: 1}
  m_LocalPosition: {x: 0, y: 0, z: 0}
  m_LocalScale: {x: 0, y: 0, z: 0}
  m_Children:
  - {fileID: 502445238461558429}
  - {fileID: 502445237889199669}
  m_Father: {fileID: 502445237921380677}
  m_RootOrder: 0
  m_LocalEulerAnglesHint: {x: 0, y: 0, z: 0}
  m_AnchorMin: {x: 0, y: 0}
  m_AnchorMax: {x: 0, y: 0}
  m_AnchoredPosition: {x: 0, y: 0}
  m_SizeDelta: {x: 0, y: 0}
  m_Pivot: {x: 0, y: 0}
--- !u!223 &502445238501789916
Canvas:
  m_ObjectHideFlags: 0
  m_CorrespondingSourceObject: {fileID: 0}
  m_PrefabInstance: {fileID: 0}
  m_PrefabAsset: {fileID: 0}
  m_GameObject: {fileID: 502445238501789895}
  m_Enabled: 1
  serializedVersion: 3
  m_RenderMode: 0
  m_Camera: {fileID: 0}
  m_PlaneDistance: 100
  m_PixelPerfect: 0
  m_ReceivesEvents: 1
  m_OverrideSorting: 0
  m_OverridePixelPerfect: 0
  m_SortingBucketNormalizedSize: 0
  m_AdditionalShaderChannelsFlag: 25
  m_SortingLayerID: 0
  m_SortingOrder: 0
  m_TargetDisplay: 0
--- !u!114 &502445238501789915
MonoBehaviour:
  m_ObjectHideFlags: 0
  m_CorrespondingSourceObject: {fileID: 0}
  m_PrefabInstance: {fileID: 0}
  m_PrefabAsset: {fileID: 0}
  m_GameObject: {fileID: 502445238501789895}
  m_Enabled: 1
  m_EditorHideFlags: 0
  m_Script: {fileID: 11500000, guid: 0cd44c1031e13a943bb63640046fad76, type: 3}
  m_Name: 
  m_EditorClassIdentifier: 
  m_UiScaleMode: 1
  m_ReferencePixelsPerUnit: 100
  m_ScaleFactor: 1
  m_ReferenceResolution: {x: 1920, y: 1080}
  m_ScreenMatchMode: 0
  m_MatchWidthOrHeight: 0.5
  m_PhysicalUnit: 3
  m_FallbackScreenDPI: 96
  m_DefaultSpriteDPI: 96
  m_DynamicPixelsPerUnit: 1
  m_PresetInfoIsWorld: 0
--- !u!114 &502445238501789914
MonoBehaviour:
  m_ObjectHideFlags: 0
  m_CorrespondingSourceObject: {fileID: 0}
  m_PrefabInstance: {fileID: 0}
  m_PrefabAsset: {fileID: 0}
  m_GameObject: {fileID: 502445238501789895}
  m_Enabled: 1
  m_EditorHideFlags: 0
  m_Script: {fileID: 11500000, guid: dc42784cf147c0c48a680349fa168899, type: 3}
  m_Name: 
  m_EditorClassIdentifier: 
  m_IgnoreReversedGraphics: 1
  m_BlockingObjects: 0
  m_BlockingMask:
    serializedVersion: 2
    m_Bits: 4294967295
--- !u!114 &502445238501789913
MonoBehaviour:
  m_ObjectHideFlags: 0
  m_CorrespondingSourceObject: {fileID: 0}
  m_PrefabInstance: {fileID: 0}
  m_PrefabAsset: {fileID: 0}
  m_GameObject: {fileID: 502445238501789895}
  m_Enabled: 1
  m_EditorHideFlags: 0
  m_Script: {fileID: 11500000, guid: 6bd7aeb2241709a4887f5724b5334e1b, type: 3}
  m_Name: 
  m_EditorClassIdentifier: 
  btFindRoom: {fileID: 0}
  btCriarSala: {fileID: 0}
  btStartarGameOff: {fileID: 0}
  menus:
  - {fileID: 502445238796078717}
  - {fileID: 502445237889199671}
--- !u!114 &4102115588917059333
MonoBehaviour:
  m_ObjectHideFlags: 0
  m_CorrespondingSourceObject: {fileID: 0}
  m_PrefabInstance: {fileID: 0}
  m_PrefabAsset: {fileID: 0}
  m_GameObject: {fileID: 502445238501789895}
  m_Enabled: 1
  m_EditorHideFlags: 0
  m_Script: {fileID: 11500000, guid: 1344c3c82d62a2a41a3576d8abb8e3ea, type: 3}
  m_Name: 
  m_EditorClassIdentifier: 
  m_Material: {fileID: 0}
  m_Color: {r: 1, g: 1, b: 1, a: 1}
  m_RaycastTarget: 1
  m_RaycastPadding: {x: 0, y: 0, z: 0, w: 0}
  m_Maskable: 1
  m_OnCullStateChanged:
    m_PersistentCalls:
      m_Calls: []
  m_Texture: {fileID: 2800000, guid: ff7d44b1a5bea6748b53fc6b91874dba, type: 3}
  m_UVRect:
    serializedVersion: 2
    x: 0
    y: 0
    width: 1
    height: 1
--- !u!222 &1642960419
CanvasRenderer:
  m_ObjectHideFlags: 0
  m_CorrespondingSourceObject: {fileID: 0}
  m_PrefabInstance: {fileID: 0}
  m_PrefabAsset: {fileID: 0}
  m_GameObject: {fileID: 502445238501789895}
  m_CullTransparentMesh: 1
--- !u!1 &502445239343984895
GameObject:
  m_ObjectHideFlags: 0
  m_CorrespondingSourceObject: {fileID: 0}
  m_PrefabInstance: {fileID: 0}
  m_PrefabAsset: {fileID: 0}
  serializedVersion: 6
  m_Component:
  - component: {fileID: 502445239343984880}
  - component: {fileID: 502445239343984883}
  - component: {fileID: 502445239343984882}
  - component: {fileID: 502445239343984881}
  m_Layer: 0
  m_Name: Button (1)
  m_TagString: Untagged
  m_Icon: {fileID: 0}
  m_NavMeshLayer: 0
  m_StaticEditorFlags: 0
  m_IsActive: 1
--- !u!224 &502445239343984880
RectTransform:
  m_ObjectHideFlags: 0
  m_CorrespondingSourceObject: {fileID: 0}
  m_PrefabInstance: {fileID: 0}
  m_PrefabAsset: {fileID: 0}
  m_GameObject: {fileID: 502445239343984895}
  m_LocalRotation: {x: -0, y: -0, z: -0, w: 1}
  m_LocalPosition: {x: 0, y: 0, z: 0}
  m_LocalScale: {x: -1.2635, y: 0.54080033, z: 0.76}
  m_Children:
  - {fileID: 4102115587590666704}
  m_Father: {fileID: 502445238461558429}
  m_RootOrder: 3
  m_LocalEulerAnglesHint: {x: 0, y: 0, z: 0}
  m_AnchorMin: {x: 0.5, y: 0.5}
  m_AnchorMax: {x: 0.5, y: 0.5}
  m_AnchoredPosition: {x: 88.4, y: 16.6}
  m_SizeDelta: {x: 200, y: 50}
  m_Pivot: {x: 0.5, y: 0.5}
--- !u!222 &502445239343984883
CanvasRenderer:
  m_ObjectHideFlags: 0
  m_CorrespondingSourceObject: {fileID: 0}
  m_PrefabInstance: {fileID: 0}
  m_PrefabAsset: {fileID: 0}
  m_GameObject: {fileID: 502445239343984895}
  m_CullTransparentMesh: 1
--- !u!114 &502445239343984882
MonoBehaviour:
  m_ObjectHideFlags: 0
  m_CorrespondingSourceObject: {fileID: 0}
  m_PrefabInstance: {fileID: 0}
  m_PrefabAsset: {fileID: 0}
  m_GameObject: {fileID: 502445239343984895}
  m_Enabled: 1
  m_EditorHideFlags: 0
  m_Script: {fileID: 11500000, guid: fe87c0e1cc204ed48ad3b37840f39efc, type: 3}
  m_Name: 
  m_EditorClassIdentifier: 
  m_Material: {fileID: 0}
  m_Color: {r: 1, g: 1, b: 1, a: 0.36862746}
  m_RaycastTarget: 1
  m_RaycastPadding: {x: 0, y: 0, z: 0, w: 0}
  m_Maskable: 1
  m_OnCullStateChanged:
    m_PersistentCalls:
      m_Calls: []
  m_Sprite: {fileID: 21300000, guid: 600bee74e2a6a914f992869a41495e04, type: 3}
  m_Type: 0
  m_PreserveAspect: 0
  m_FillCenter: 1
  m_FillMethod: 4
  m_FillAmount: 1
  m_FillClockwise: 1
  m_FillOrigin: 0
  m_UseSpriteMesh: 0
  m_PixelsPerUnitMultiplier: 1
--- !u!114 &502445239343984881
MonoBehaviour:
  m_ObjectHideFlags: 0
  m_CorrespondingSourceObject: {fileID: 0}
  m_PrefabInstance: {fileID: 0}
  m_PrefabAsset: {fileID: 0}
  m_GameObject: {fileID: 502445239343984895}
  m_Enabled: 1
  m_EditorHideFlags: 0
  m_Script: {fileID: 11500000, guid: 4e29b1a8efbd4b44bb3f3716e73f07ff, type: 3}
  m_Name: 
  m_EditorClassIdentifier: 
  m_Navigation:
    m_Mode: 3
    m_WrapAround: 0
    m_SelectOnUp: {fileID: 0}
    m_SelectOnDown: {fileID: 0}
    m_SelectOnLeft: {fileID: 0}
    m_SelectOnRight: {fileID: 0}
  m_Transition: 1
  m_Colors:
    m_NormalColor: {r: 1, g: 1, b: 1, a: 0}
    m_HighlightedColor: {r: 0.27450982, g: 0.5058824, b: 0.41960785, a: 0.9098039}
    m_PressedColor: {r: 0.78431374, g: 0.78431374, b: 0.78431374, a: 1}
    m_SelectedColor: {r: 0.9607843, g: 0.9607843, b: 0.9607843, a: 1}
    m_DisabledColor: {r: 0.78431374, g: 0.78431374, b: 0.78431374, a: 0.5019608}
    m_ColorMultiplier: 1
    m_FadeDuration: 0.1
  m_SpriteState:
    m_HighlightedSprite: {fileID: 0}
    m_PressedSprite: {fileID: 0}
    m_SelectedSprite: {fileID: 0}
    m_DisabledSprite: {fileID: 0}
  m_AnimationTriggers:
    m_NormalTrigger: Normal
    m_HighlightedTrigger: Highlighted
    m_PressedTrigger: Pressed
    m_SelectedTrigger: Selected
    m_DisabledTrigger: Disabled
  m_Interactable: 1
  m_TargetGraphic: {fileID: 502445239343984882}
  m_OnClick:
    m_PersistentCalls:
      m_Calls:
      - m_Target: {fileID: 502445237921380678}
        m_TargetAssemblyTypeName: PainelOpcoes, Assembly-CSharp
        m_MethodName: startOnline
        m_Mode: 1
        m_Arguments:
          m_ObjectArgument: {fileID: 0}
          m_ObjectArgumentAssemblyTypeName: UnityEngine.Object, UnityEngine
          m_IntArgument: 0
          m_FloatArgument: 0
          m_StringArgument: menuprincipal
          m_BoolArgument: 0
        m_CallState: 2
--- !u!1 &2657465541506710202
GameObject:
  m_ObjectHideFlags: 0
  m_CorrespondingSourceObject: {fileID: 0}
  m_PrefabInstance: {fileID: 0}
  m_PrefabAsset: {fileID: 0}
  serializedVersion: 6
  m_Component:
  - component: {fileID: 1379594086619024079}
  - component: {fileID: 412075783614610043}
  - component: {fileID: 6086202734585233207}
  - component: {fileID: 2340685387907579587}
  m_Layer: 0
  m_Name: Button (2)
  m_TagString: Untagged
  m_Icon: {fileID: 0}
  m_NavMeshLayer: 0
  m_StaticEditorFlags: 0
  m_IsActive: 1
--- !u!224 &1379594086619024079
RectTransform:
  m_ObjectHideFlags: 0
  m_CorrespondingSourceObject: {fileID: 0}
  m_PrefabInstance: {fileID: 0}
  m_PrefabAsset: {fileID: 0}
  m_GameObject: {fileID: 2657465541506710202}
  m_LocalRotation: {x: -0, y: -0, z: -0, w: 1}
  m_LocalPosition: {x: 0, y: 0, z: 0}
  m_LocalScale: {x: -1.2635, y: 0.54080033, z: 0.76}
  m_Children:
  - {fileID: 4102115587812461794}
  m_Father: {fileID: 502445238461558429}
  m_RootOrder: 5
  m_LocalEulerAnglesHint: {x: 0, y: 0, z: 0}
  m_AnchorMin: {x: 0.5, y: 0.5}
  m_AnchorMax: {x: 0.5, y: 0.5}
  m_AnchoredPosition: {x: 88.0014, y: -78.799995}
  m_SizeDelta: {x: 200, y: 50}
  m_Pivot: {x: 0.5, y: 0.5}
--- !u!222 &412075783614610043
CanvasRenderer:
  m_ObjectHideFlags: 0
  m_CorrespondingSourceObject: {fileID: 0}
  m_PrefabInstance: {fileID: 0}
  m_PrefabAsset: {fileID: 0}
  m_GameObject: {fileID: 2657465541506710202}
  m_CullTransparentMesh: 1
--- !u!114 &6086202734585233207
MonoBehaviour:
  m_ObjectHideFlags: 0
  m_CorrespondingSourceObject: {fileID: 0}
  m_PrefabInstance: {fileID: 0}
  m_PrefabAsset: {fileID: 0}
  m_GameObject: {fileID: 2657465541506710202}
  m_Enabled: 1
  m_EditorHideFlags: 0
  m_Script: {fileID: 11500000, guid: fe87c0e1cc204ed48ad3b37840f39efc, type: 3}
  m_Name: 
  m_EditorClassIdentifier: 
  m_Material: {fileID: 0}
  m_Color: {r: 1, g: 1, b: 1, a: 0.36862746}
  m_RaycastTarget: 1
  m_RaycastPadding: {x: 0, y: 0, z: 0, w: 0}
  m_Maskable: 1
  m_OnCullStateChanged:
    m_PersistentCalls:
      m_Calls: []
  m_Sprite: {fileID: 21300000, guid: 600bee74e2a6a914f992869a41495e04, type: 3}
  m_Type: 0
  m_PreserveAspect: 0
  m_FillCenter: 1
  m_FillMethod: 4
  m_FillAmount: 1
  m_FillClockwise: 1
  m_FillOrigin: 0
  m_UseSpriteMesh: 0
  m_PixelsPerUnitMultiplier: 1
--- !u!114 &2340685387907579587
MonoBehaviour:
  m_ObjectHideFlags: 0
  m_CorrespondingSourceObject: {fileID: 0}
  m_PrefabInstance: {fileID: 0}
  m_PrefabAsset: {fileID: 0}
  m_GameObject: {fileID: 2657465541506710202}
  m_Enabled: 1
  m_EditorHideFlags: 0
  m_Script: {fileID: 11500000, guid: 4e29b1a8efbd4b44bb3f3716e73f07ff, type: 3}
  m_Name: 
  m_EditorClassIdentifier: 
  m_Navigation:
    m_Mode: 3
    m_WrapAround: 0
    m_SelectOnUp: {fileID: 0}
    m_SelectOnDown: {fileID: 0}
    m_SelectOnLeft: {fileID: 0}
    m_SelectOnRight: {fileID: 0}
  m_Transition: 1
  m_Colors:
    m_NormalColor: {r: 1, g: 1, b: 1, a: 0}
    m_HighlightedColor: {r: 0.27450982, g: 0.5058824, b: 0.41960785, a: 0.9098039}
    m_PressedColor: {r: 0.78431374, g: 0.78431374, b: 0.78431374, a: 1}
    m_SelectedColor: {r: 0.9607843, g: 0.9607843, b: 0.9607843, a: 1}
    m_DisabledColor: {r: 0.78431374, g: 0.78431374, b: 0.78431374, a: 0.5019608}
    m_ColorMultiplier: 1
    m_FadeDuration: 0.1
  m_SpriteState:
    m_HighlightedSprite: {fileID: 0}
    m_PressedSprite: {fileID: 0}
    m_SelectedSprite: {fileID: 0}
    m_DisabledSprite: {fileID: 0}
  m_AnimationTriggers:
    m_NormalTrigger: Normal
    m_HighlightedTrigger: Highlighted
    m_PressedTrigger: Pressed
    m_SelectedTrigger: Selected
    m_DisabledTrigger: Disabled
  m_Interactable: 1
  m_TargetGraphic: {fileID: 6086202734585233207}
  m_OnClick:
    m_PersistentCalls:
      m_Calls:
      - m_Target: {fileID: 502445238501789913}
        m_TargetAssemblyTypeName: MenuManager, Assembly-CSharp
        m_MethodName: QuitGame
        m_Mode: 1
        m_Arguments:
          m_ObjectArgument: {fileID: 0}
          m_ObjectArgumentAssemblyTypeName: UnityEngine.Object, UnityEngine
          m_IntArgument: 0
          m_FloatArgument: 0
          m_StringArgument: menuprincipal
          m_BoolArgument: 0
        m_CallState: 2
--- !u!1 &3480688985686224292
GameObject:
  m_ObjectHideFlags: 0
  m_CorrespondingSourceObject: {fileID: 0}
  m_PrefabInstance: {fileID: 0}
  m_PrefabAsset: {fileID: 0}
  serializedVersion: 6
  m_Component:
  - component: {fileID: 8706778366098302102}
  - component: {fileID: 9145518820702250653}
  - component: {fileID: 5734435743607717725}
  m_Layer: 0
  m_Name: Panel
  m_TagString: Untagged
  m_Icon: {fileID: 0}
  m_NavMeshLayer: 0
  m_StaticEditorFlags: 0
  m_IsActive: 0
--- !u!224 &8706778366098302102
RectTransform:
  m_ObjectHideFlags: 0
  m_CorrespondingSourceObject: {fileID: 0}
  m_PrefabInstance: {fileID: 0}
  m_PrefabAsset: {fileID: 0}
  m_GameObject: {fileID: 3480688985686224292}
  m_LocalRotation: {x: 0, y: 0, z: 0, w: 1}
  m_LocalPosition: {x: 0, y: 0, z: 0}
  m_LocalScale: {x: 0.2789486, y: 0.2745732, z: 0.26559845}
  m_Children: []
  m_Father: {fileID: 502445238461558429}
  m_RootOrder: 1
  m_LocalEulerAnglesHint: {x: 0, y: 0, z: 0}
  m_AnchorMin: {x: 0, y: 0}
  m_AnchorMax: {x: 1, y: 1}
  m_AnchoredPosition: {x: 140, y: -5.100006}
  m_SizeDelta: {x: 400, y: 400}
  m_Pivot: {x: 0.5, y: 0.5}
--- !u!222 &9145518820702250653
CanvasRenderer:
  m_ObjectHideFlags: 0
  m_CorrespondingSourceObject: {fileID: 0}
  m_PrefabInstance: {fileID: 0}
  m_PrefabAsset: {fileID: 0}
  m_GameObject: {fileID: 3480688985686224292}
  m_CullTransparentMesh: 1
--- !u!114 &5734435743607717725
MonoBehaviour:
  m_ObjectHideFlags: 0
  m_CorrespondingSourceObject: {fileID: 0}
  m_PrefabInstance: {fileID: 0}
  m_PrefabAsset: {fileID: 0}
  m_GameObject: {fileID: 3480688985686224292}
  m_Enabled: 0
  m_EditorHideFlags: 0
  m_Script: {fileID: 11500000, guid: fe87c0e1cc204ed48ad3b37840f39efc, type: 3}
  m_Name: 
  m_EditorClassIdentifier: 
  m_Material: {fileID: 0}
  m_Color: {r: 0.001909089, g: 0, b: 0.021, a: 0.9137255}
  m_RaycastTarget: 1
  m_RaycastPadding: {x: 0, y: 0, z: 0, w: 0}
  m_Maskable: 1
  m_OnCullStateChanged:
    m_PersistentCalls:
      m_Calls: []
  m_Sprite: {fileID: 10907, guid: 0000000000000000f000000000000000, type: 0}
  m_Type: 1
  m_PreserveAspect: 0
  m_FillCenter: 1
  m_FillMethod: 4
  m_FillAmount: 1
  m_FillClockwise: 1
  m_FillOrigin: 0
  m_UseSpriteMesh: 0
  m_PixelsPerUnitMultiplier: 1
--- !u!1 &4102115587571252125
GameObject:
  m_ObjectHideFlags: 0
  m_CorrespondingSourceObject: {fileID: 0}
  m_PrefabInstance: {fileID: 0}
  m_PrefabAsset: {fileID: 0}
  serializedVersion: 6
  m_Component:
  - component: {fileID: 4102115587571252124}
  - component: {fileID: 4102115587571252130}
  - component: {fileID: 4102115587571252131}
  m_Layer: 0
  m_Name: Text
  m_TagString: Untagged
  m_Icon: {fileID: 0}
  m_NavMeshLayer: 0
  m_StaticEditorFlags: 0
  m_IsActive: 1
--- !u!224 &4102115587571252124
RectTransform:
  m_ObjectHideFlags: 0
  m_CorrespondingSourceObject: {fileID: 0}
  m_PrefabInstance: {fileID: 0}
  m_PrefabAsset: {fileID: 0}
  m_GameObject: {fileID: 4102115587571252125}
  m_LocalRotation: {x: -0, y: 0, z: 0, w: 1}
  m_LocalPosition: {x: 0, y: 0, z: 0}
  m_LocalScale: {x: -0.065939955, y: 0.15405896, z: 0.109625176}
  m_Children: []
  m_Father: {fileID: 4102115588205686387}
  m_RootOrder: 0
  m_LocalEulerAnglesHint: {x: 0, y: 0, z: 0}
  m_AnchorMin: {x: 0.5, y: 0.5}
  m_AnchorMax: {x: 0.5, y: 0.5}
  m_AnchoredPosition: {x: -0, y: 19.0458}
  m_SizeDelta: {x: 160, y: 30}
  m_Pivot: {x: 0.5, y: 0.5}
--- !u!222 &4102115587571252130
CanvasRenderer:
  m_ObjectHideFlags: 0
  m_CorrespondingSourceObject: {fileID: 0}
  m_PrefabInstance: {fileID: 0}
  m_PrefabAsset: {fileID: 0}
  m_GameObject: {fileID: 4102115587571252125}
  m_CullTransparentMesh: 1
--- !u!114 &4102115587571252131
MonoBehaviour:
  m_ObjectHideFlags: 0
  m_CorrespondingSourceObject: {fileID: 0}
  m_PrefabInstance: {fileID: 0}
  m_PrefabAsset: {fileID: 0}
  m_GameObject: {fileID: 4102115587571252125}
  m_Enabled: 1
  m_EditorHideFlags: 0
  m_Script: {fileID: 11500000, guid: 5f7201a12d95ffc409449d95f23cf332, type: 3}
  m_Name: 
  m_EditorClassIdentifier: 
  m_Material: {fileID: 0}
  m_Color: {r: 0.65199995, g: 0.65199995, b: 0.65199995, a: 1}
  m_RaycastTarget: 1
  m_RaycastPadding: {x: 0, y: 0, z: 0, w: 0}
  m_Maskable: 1
  m_OnCullStateChanged:
    m_PersistentCalls:
      m_Calls: []
  m_FontData:
    m_Font: {fileID: 12800000, guid: 1c24caf2cf8ad3f4d97b3ed7b7749c28, type: 3}
    m_FontSize: 300
    m_FontStyle: 0
    m_BestFit: 1
    m_MinSize: 10
    m_MaxSize: 300
    m_Alignment: 1
    m_AlignByGeometry: 1
    m_RichText: 1
    m_HorizontalOverflow: 1
    m_VerticalOverflow: 1
    m_LineSpacing: 1.56
  m_Text: Singleplayer
--- !u!1 &4102115587590666705
GameObject:
  m_ObjectHideFlags: 0
  m_CorrespondingSourceObject: {fileID: 0}
  m_PrefabInstance: {fileID: 0}
  m_PrefabAsset: {fileID: 0}
  serializedVersion: 6
  m_Component:
  - component: {fileID: 4102115587590666704}
  - component: {fileID: 4102115587590666710}
  - component: {fileID: 4102115587590666711}
  m_Layer: 0
  m_Name: Text
  m_TagString: Untagged
  m_Icon: {fileID: 0}
  m_NavMeshLayer: 0
  m_StaticEditorFlags: 0
  m_IsActive: 1
--- !u!224 &4102115587590666704
RectTransform:
  m_ObjectHideFlags: 0
  m_CorrespondingSourceObject: {fileID: 0}
  m_PrefabInstance: {fileID: 0}
  m_PrefabAsset: {fileID: 0}
  m_GameObject: {fileID: 4102115587590666705}
  m_LocalRotation: {x: -0, y: 0, z: 0, w: 1}
  m_LocalPosition: {x: 0, y: 0, z: 0}
  m_LocalScale: {x: -0.06594162, y: 0.15406285, z: 0.10962794}
  m_Children: []
  m_Father: {fileID: 502445239343984880}
  m_RootOrder: 0
  m_LocalEulerAnglesHint: {x: 0, y: 0, z: 0}
  m_AnchorMin: {x: 0.5, y: 0.5}
  m_AnchorMax: {x: 0.5, y: 0.5}
  m_AnchoredPosition: {x: 0.23744965, y: 19.970398}
  m_SizeDelta: {x: 160, y: 30}
  m_Pivot: {x: 0.5, y: 0.5}
--- !u!222 &4102115587590666710
CanvasRenderer:
  m_ObjectHideFlags: 0
  m_CorrespondingSourceObject: {fileID: 0}
  m_PrefabInstance: {fileID: 0}
  m_PrefabAsset: {fileID: 0}
  m_GameObject: {fileID: 4102115587590666705}
  m_CullTransparentMesh: 1
--- !u!114 &4102115587590666711
MonoBehaviour:
  m_ObjectHideFlags: 0
  m_CorrespondingSourceObject: {fileID: 0}
  m_PrefabInstance: {fileID: 0}
  m_PrefabAsset: {fileID: 0}
  m_GameObject: {fileID: 4102115587590666705}
  m_Enabled: 1
  m_EditorHideFlags: 0
  m_Script: {fileID: 11500000, guid: 5f7201a12d95ffc409449d95f23cf332, type: 3}
  m_Name: 
  m_EditorClassIdentifier: 
  m_Material: {fileID: 0}
  m_Color: {r: 0.65199995, g: 0.65199995, b: 0.65199995, a: 1}
  m_RaycastTarget: 1
  m_RaycastPadding: {x: 0, y: 0, z: 0, w: 0}
  m_Maskable: 1
  m_OnCullStateChanged:
    m_PersistentCalls:
      m_Calls: []
  m_FontData:
    m_Font: {fileID: 12800000, guid: 1c24caf2cf8ad3f4d97b3ed7b7749c28, type: 3}
    m_FontSize: 300
    m_FontStyle: 0
    m_BestFit: 1
    m_MinSize: 10
    m_MaxSize: 300
    m_Alignment: 1
    m_AlignByGeometry: 1
    m_RichText: 1
    m_HorizontalOverflow: 1
    m_VerticalOverflow: 1
    m_LineSpacing: 1.56
  m_Text: Multiplayer
--- !u!1 &4102115587774725004
GameObject:
  m_ObjectHideFlags: 0
  m_CorrespondingSourceObject: {fileID: 0}
  m_PrefabInstance: {fileID: 0}
  m_PrefabAsset: {fileID: 0}
  serializedVersion: 6
  m_Component:
  - component: {fileID: 4102115587774725011}
  - component: {fileID: 4102115587774725009}
  - component: {fileID: 4102115587774725010}
  m_Layer: 0
  m_Name: Text
  m_TagString: Untagged
  m_Icon: {fileID: 0}
  m_NavMeshLayer: 0
  m_StaticEditorFlags: 0
  m_IsActive: 1
--- !u!224 &4102115587774725011
RectTransform:
  m_ObjectHideFlags: 0
  m_CorrespondingSourceObject: {fileID: 0}
  m_PrefabInstance: {fileID: 0}
  m_PrefabAsset: {fileID: 0}
  m_GameObject: {fileID: 4102115587774725004}
  m_LocalRotation: {x: -0, y: 0, z: 0, w: 1}
  m_LocalPosition: {x: 0, y: 0, z: 0}
  m_LocalScale: {x: -0.06594162, y: 0.15406285, z: 0.10962794}
  m_Children: []
  m_Father: {fileID: 502445237985857438}
  m_RootOrder: 0
  m_LocalEulerAnglesHint: {x: 0, y: 0, z: 0}
  m_AnchorMin: {x: 0.5, y: 0.5}
  m_AnchorMax: {x: 0.5, y: 0.5}
  m_AnchoredPosition: {x: -1.8203659, y: 20.710049}
  m_SizeDelta: {x: 160, y: 30}
  m_Pivot: {x: 0.5, y: 0.5}
--- !u!222 &4102115587774725009
CanvasRenderer:
  m_ObjectHideFlags: 0
  m_CorrespondingSourceObject: {fileID: 0}
  m_PrefabInstance: {fileID: 0}
  m_PrefabAsset: {fileID: 0}
  m_GameObject: {fileID: 4102115587774725004}
  m_CullTransparentMesh: 1
--- !u!114 &4102115587774725010
MonoBehaviour:
  m_ObjectHideFlags: 0
  m_CorrespondingSourceObject: {fileID: 0}
  m_PrefabInstance: {fileID: 0}
  m_PrefabAsset: {fileID: 0}
  m_GameObject: {fileID: 4102115587774725004}
  m_Enabled: 1
  m_EditorHideFlags: 0
  m_Script: {fileID: 11500000, guid: 5f7201a12d95ffc409449d95f23cf332, type: 3}
  m_Name: 
  m_EditorClassIdentifier: 
  m_Material: {fileID: 0}
  m_Color: {r: 0.65199995, g: 0.65199995, b: 0.65199995, a: 1}
  m_RaycastTarget: 1
  m_RaycastPadding: {x: 0, y: 0, z: 0, w: 0}
  m_Maskable: 1
  m_OnCullStateChanged:
    m_PersistentCalls:
      m_Calls: []
  m_FontData:
    m_Font: {fileID: 12800000, guid: 1c24caf2cf8ad3f4d97b3ed7b7749c28, type: 3}
    m_FontSize: 300
    m_FontStyle: 0
    m_BestFit: 1
    m_MinSize: 10
    m_MaxSize: 300
    m_Alignment: 1
    m_AlignByGeometry: 1
    m_RichText: 1
    m_HorizontalOverflow: 1
    m_VerticalOverflow: 1
    m_LineSpacing: 1.56
  m_Text: Settings
--- !u!1 &4102115587812461795
GameObject:
  m_ObjectHideFlags: 0
  m_CorrespondingSourceObject: {fileID: 0}
  m_PrefabInstance: {fileID: 0}
  m_PrefabAsset: {fileID: 0}
  serializedVersion: 6
  m_Component:
  - component: {fileID: 4102115587812461794}
  - component: {fileID: 4102115587812461792}
  - component: {fileID: 4102115587812461793}
  m_Layer: 0
  m_Name: Text
  m_TagString: Untagged
  m_Icon: {fileID: 0}
  m_NavMeshLayer: 0
  m_StaticEditorFlags: 0
  m_IsActive: 1
--- !u!224 &4102115587812461794
RectTransform:
  m_ObjectHideFlags: 0
  m_CorrespondingSourceObject: {fileID: 0}
  m_PrefabInstance: {fileID: 0}
  m_PrefabAsset: {fileID: 0}
  m_GameObject: {fileID: 4102115587812461795}
  m_LocalRotation: {x: -0, y: 0, z: 0, w: 1}
  m_LocalPosition: {x: 0, y: 0, z: 0}
  m_LocalScale: {x: -0.06594162, y: 0.15406285, z: 0.10962794}
  m_Children: []
  m_Father: {fileID: 1379594086619024079}
  m_RootOrder: 0
  m_LocalEulerAnglesHint: {x: 0, y: 0, z: 0}
  m_AnchorMin: {x: 0.5, y: 0.5}
  m_AnchorMax: {x: 0.5, y: 0.5}
  m_AnchoredPosition: {x: -0.5539932, y: 18.860947}
  m_SizeDelta: {x: 160, y: 30}
  m_Pivot: {x: 0.5, y: 0.5}
--- !u!222 &4102115587812461792
CanvasRenderer:
  m_ObjectHideFlags: 0
  m_CorrespondingSourceObject: {fileID: 0}
  m_PrefabInstance: {fileID: 0}
  m_PrefabAsset: {fileID: 0}
  m_GameObject: {fileID: 4102115587812461795}
  m_CullTransparentMesh: 1
--- !u!114 &4102115587812461793
MonoBehaviour:
  m_ObjectHideFlags: 0
  m_CorrespondingSourceObject: {fileID: 0}
  m_PrefabInstance: {fileID: 0}
  m_PrefabAsset: {fileID: 0}
  m_GameObject: {fileID: 4102115587812461795}
  m_Enabled: 1
  m_EditorHideFlags: 0
  m_Script: {fileID: 11500000, guid: 5f7201a12d95ffc409449d95f23cf332, type: 3}
  m_Name: 
  m_EditorClassIdentifier: 
  m_Material: {fileID: 0}
  m_Color: {r: 0.65199995, g: 0.65199995, b: 0.65199995, a: 1}
  m_RaycastTarget: 1
  m_RaycastPadding: {x: 0, y: 0, z: 0, w: 0}
  m_Maskable: 1
  m_OnCullStateChanged:
    m_PersistentCalls:
      m_Calls: []
  m_FontData:
    m_Font: {fileID: 12800000, guid: 1c24caf2cf8ad3f4d97b3ed7b7749c28, type: 3}
    m_FontSize: 300
    m_FontStyle: 0
    m_BestFit: 1
    m_MinSize: 10
    m_MaxSize: 300
    m_Alignment: 1
    m_AlignByGeometry: 1
    m_RichText: 1
    m_HorizontalOverflow: 1
    m_VerticalOverflow: 1
    m_LineSpacing: 1.56
  m_Text: Quit
--- !u!1 &4102115588205686380
GameObject:
  m_ObjectHideFlags: 0
  m_CorrespondingSourceObject: {fileID: 0}
  m_PrefabInstance: {fileID: 0}
  m_PrefabAsset: {fileID: 0}
  serializedVersion: 6
  m_Component:
  - component: {fileID: 4102115588205686387}
  - component: {fileID: 4102115588205686384}
  - component: {fileID: 4102115588205686385}
  - component: {fileID: 4102115588205686386}
  m_Layer: 0
  m_Name: Button (3)
  m_TagString: Untagged
  m_Icon: {fileID: 0}
  m_NavMeshLayer: 0
  m_StaticEditorFlags: 0
  m_IsActive: 1
--- !u!224 &4102115588205686387
RectTransform:
  m_ObjectHideFlags: 0
  m_CorrespondingSourceObject: {fileID: 0}
  m_PrefabInstance: {fileID: 0}
  m_PrefabAsset: {fileID: 0}
  m_GameObject: {fileID: 4102115588205686380}
  m_LocalRotation: {x: -0, y: -0, z: -0, w: 1}
  m_LocalPosition: {x: 0, y: 0, z: 0}
  m_LocalScale: {x: -1.2635, y: 0.54080033, z: 0.76}
  m_Children:
  - {fileID: 4102115587571252124}
  m_Father: {fileID: 502445238461558429}
  m_RootOrder: 2
  m_LocalEulerAnglesHint: {x: 0, y: 0, z: 0}
  m_AnchorMin: {x: 0.5, y: 0.5}
  m_AnchorMax: {x: 0.5, y: 0.5}
  m_AnchoredPosition: {x: 88.2292, y: 64.40001}
  m_SizeDelta: {x: 200, y: 50}
  m_Pivot: {x: 0.5, y: 0.5}
--- !u!222 &4102115588205686384
CanvasRenderer:
  m_ObjectHideFlags: 0
  m_CorrespondingSourceObject: {fileID: 0}
  m_PrefabInstance: {fileID: 0}
  m_PrefabAsset: {fileID: 0}
  m_GameObject: {fileID: 4102115588205686380}
  m_CullTransparentMesh: 1
--- !u!114 &4102115588205686385
MonoBehaviour:
  m_ObjectHideFlags: 0
  m_CorrespondingSourceObject: {fileID: 0}
  m_PrefabInstance: {fileID: 0}
  m_PrefabAsset: {fileID: 0}
  m_GameObject: {fileID: 4102115588205686380}
  m_Enabled: 1
  m_EditorHideFlags: 0
  m_Script: {fileID: 11500000, guid: fe87c0e1cc204ed48ad3b37840f39efc, type: 3}
  m_Name: 
  m_EditorClassIdentifier: 
  m_Material: {fileID: 0}
  m_Color: {r: 1, g: 1, b: 1, a: 0.36862746}
  m_RaycastTarget: 1
  m_RaycastPadding: {x: 0, y: 0, z: 0, w: 0}
  m_Maskable: 1
  m_OnCullStateChanged:
    m_PersistentCalls:
      m_Calls: []
  m_Sprite: {fileID: 21300000, guid: 600bee74e2a6a914f992869a41495e04, type: 3}
  m_Type: 0
  m_PreserveAspect: 0
  m_FillCenter: 1
  m_FillMethod: 4
  m_FillAmount: 1
  m_FillClockwise: 1
  m_FillOrigin: 0
  m_UseSpriteMesh: 0
  m_PixelsPerUnitMultiplier: 1
--- !u!114 &4102115588205686386
MonoBehaviour:
  m_ObjectHideFlags: 0
  m_CorrespondingSourceObject: {fileID: 0}
  m_PrefabInstance: {fileID: 0}
  m_PrefabAsset: {fileID: 0}
  m_GameObject: {fileID: 4102115588205686380}
  m_Enabled: 1
  m_EditorHideFlags: 0
  m_Script: {fileID: 11500000, guid: 4e29b1a8efbd4b44bb3f3716e73f07ff, type: 3}
  m_Name: 
  m_EditorClassIdentifier: 
  m_Navigation:
    m_Mode: 3
    m_WrapAround: 0
    m_SelectOnUp: {fileID: 0}
    m_SelectOnDown: {fileID: 0}
    m_SelectOnLeft: {fileID: 0}
    m_SelectOnRight: {fileID: 0}
  m_Transition: 1
  m_Colors:
    m_NormalColor: {r: 1, g: 1, b: 1, a: 0}
    m_HighlightedColor: {r: 0.27450982, g: 0.5058824, b: 0.41960785, a: 0.9098039}
    m_PressedColor: {r: 0.78431374, g: 0.78431374, b: 0.78431374, a: 1}
    m_SelectedColor: {r: 0.9607843, g: 0.9607843, b: 0.9607843, a: 1}
    m_DisabledColor: {r: 0.78431374, g: 0.78431374, b: 0.78431374, a: 0.5019608}
    m_ColorMultiplier: 1
    m_FadeDuration: 0.1
  m_SpriteState:
    m_HighlightedSprite: {fileID: 0}
    m_PressedSprite: {fileID: 0}
    m_SelectedSprite: {fileID: 0}
    m_DisabledSprite: {fileID: 0}
  m_AnimationTriggers:
    m_NormalTrigger: Normal
    m_HighlightedTrigger: Highlighted
    m_PressedTrigger: Pressed
    m_SelectedTrigger: Selected
    m_DisabledTrigger: Disabled
  m_Interactable: 1
  m_TargetGraphic: {fileID: 4102115588205686385}
  m_OnClick:
    m_PersistentCalls:
      m_Calls:
      - m_Target: {fileID: 502445237921380678}
        m_TargetAssemblyTypeName: PainelOpcoes, Assembly-CSharp
        m_MethodName: startOffline
        m_Mode: 1
        m_Arguments:
          m_ObjectArgument: {fileID: 0}
          m_ObjectArgumentAssemblyTypeName: UnityEngine.Object, UnityEngine
          m_IntArgument: 0
          m_FloatArgument: 0
          m_StringArgument: menuprincipal
          m_BoolArgument: 0
        m_CallState: 2
--- !u!1001 &6631313340621073985
PrefabInstance:
  m_ObjectHideFlags: 0
  serializedVersion: 2
  m_Modification:
    m_TransformParent: {fileID: 502445238501789912}
    m_Modifications:
    - target: {fileID: 476702534167575600, guid: fc279e87f79b4de48be050f71a32a0de, type: 3}
      propertyPath: m_AnchoredPosition.x
      value: -158.6
      objectReference: {fileID: 0}
    - target: {fileID: 917421722293730595, guid: fc279e87f79b4de48be050f71a32a0de, type: 3}
      propertyPath: m_AnchoredPosition.x
      value: 75.900024
      objectReference: {fileID: 0}
    - target: {fileID: 992822028386198008, guid: fc279e87f79b4de48be050f71a32a0de, type: 3}
      propertyPath: m_fontSize
      value: 11.2
      objectReference: {fileID: 0}
    - target: {fileID: 992822028386198008, guid: fc279e87f79b4de48be050f71a32a0de, type: 3}
      propertyPath: m_fontSizeBase
      value: 11.2
      objectReference: {fileID: 0}
    - target: {fileID: 4166942113392399826, guid: fc279e87f79b4de48be050f71a32a0de, type: 3}
      propertyPath: m_AnchoredPosition.x
      value: 75.30002
      objectReference: {fileID: 0}
    - target: {fileID: 4209526393197931605, guid: fc279e87f79b4de48be050f71a32a0de, type: 3}
      propertyPath: m_AnchoredPosition.x
      value: -163.6
      objectReference: {fileID: 0}
    - target: {fileID: 5659945398588926836, guid: fc279e87f79b4de48be050f71a32a0de, type: 3}
      propertyPath: m_AnchoredPosition.x
      value: 75.900024
      objectReference: {fileID: 0}
    - target: {fileID: 5931006306478219958, guid: fc279e87f79b4de48be050f71a32a0de, type: 3}
      propertyPath: m_Options.m_Options.Array.size
      value: 4
      objectReference: {fileID: 0}
    - target: {fileID: 5931006306478219958, guid: fc279e87f79b4de48be050f71a32a0de, type: 3}
      propertyPath: m_Options.m_Options.Array.data[0].m_Text
      value: Low (Baixa)
      objectReference: {fileID: 0}
    - target: {fileID: 5931006306478219958, guid: fc279e87f79b4de48be050f71a32a0de, type: 3}
      propertyPath: m_Options.m_Options.Array.data[1].m_Text
      value: "Medium (M\xE9dia)"
      objectReference: {fileID: 0}
    - target: {fileID: 5931006306478219958, guid: fc279e87f79b4de48be050f71a32a0de, type: 3}
      propertyPath: m_Options.m_Options.Array.data[2].m_Text
      value: High (Alta)
      objectReference: {fileID: 0}
    - target: {fileID: 5931006306478219958, guid: fc279e87f79b4de48be050f71a32a0de, type: 3}
      propertyPath: m_Options.m_Options.Array.data[3].m_Text
      value: Very High (Muito Alta)
      objectReference: {fileID: 0}
    - target: {fileID: 6556716663800325758, guid: fc279e87f79b4de48be050f71a32a0de, type: 3}
      propertyPath: m_AnchoredPosition.x
      value: 70.5
      objectReference: {fileID: 0}
    - target: {fileID: 6556716663879770769, guid: fc279e87f79b4de48be050f71a32a0de, type: 3}
      propertyPath: m_AnchoredPosition.x
      value: -173.89993
      objectReference: {fileID: 0}
    - target: {fileID: 6556716663886240694, guid: fc279e87f79b4de48be050f71a32a0de, type: 3}
      propertyPath: m_AnchoredPosition.x
      value: 4.4
      objectReference: {fileID: 0}
    - target: {fileID: 6556716664382310369, guid: fc279e87f79b4de48be050f71a32a0de, type: 3}
      propertyPath: m_AnchoredPosition.x
      value: -156.30002
      objectReference: {fileID: 0}
    - target: {fileID: 6556716664731222004, guid: fc279e87f79b4de48be050f71a32a0de, type: 3}
      propertyPath: m_Colors.m_HighlightedColor.a
      value: 0.9098039
      objectReference: {fileID: 0}
    - target: {fileID: 6556716664731222004, guid: fc279e87f79b4de48be050f71a32a0de, type: 3}
      propertyPath: m_Colors.m_HighlightedColor.b
      value: 0.41960785
      objectReference: {fileID: 0}
    - target: {fileID: 6556716664731222004, guid: fc279e87f79b4de48be050f71a32a0de, type: 3}
      propertyPath: m_Colors.m_HighlightedColor.g
      value: 0.5058824
      objectReference: {fileID: 0}
    - target: {fileID: 6556716664731222004, guid: fc279e87f79b4de48be050f71a32a0de, type: 3}
      propertyPath: m_Colors.m_HighlightedColor.r
      value: 0.27450982
      objectReference: {fileID: 0}
    - target: {fileID: 6556716664731222004, guid: fc279e87f79b4de48be050f71a32a0de, type: 3}
      propertyPath: m_OnClick.m_PersistentCalls.m_Calls.Array.data[0].m_Target
      value: 
      objectReference: {fileID: 502445238501789913}
    - target: {fileID: 6556716664731222004, guid: fc279e87f79b4de48be050f71a32a0de, type: 3}
      propertyPath: m_OnClick.m_PersistentCalls.m_Calls.Array.data[1].m_Target
      value: 
      objectReference: {fileID: 502445238501789913}
    - target: {fileID: 6556716664731222004, guid: fc279e87f79b4de48be050f71a32a0de, type: 3}
      propertyPath: m_OnClick.m_PersistentCalls.m_Calls.Array.data[2].m_Target
      value: 
      objectReference: {fileID: 698867394}
    - target: {fileID: 6556716664731222004, guid: fc279e87f79b4de48be050f71a32a0de, type: 3}
      propertyPath: m_OnClick.m_PersistentCalls.m_Calls.Array.data[0].m_Arguments.m_ObjectArgument
      value: 
      objectReference: {fileID: 502445238796078717}
    - target: {fileID: 6556716664731222005, guid: fc279e87f79b4de48be050f71a32a0de, type: 3}
      propertyPath: m_AnchoredPosition.x
      value: -3.899994
      objectReference: {fileID: 0}
    - target: {fileID: 6556716664786049891, guid: fc279e87f79b4de48be050f71a32a0de, type: 3}
      propertyPath: m_AnchoredPosition.x
      value: 58.3
      objectReference: {fileID: 0}
    - target: {fileID: 6556716665269635866, guid: fc279e87f79b4de48be050f71a32a0de, type: 3}
      propertyPath: m_AnchoredPosition.x
      value: -145.20001
      objectReference: {fileID: 0}
    - target: {fileID: 6556716665275069540, guid: fc279e87f79b4de48be050f71a32a0de, type: 3}
      propertyPath: m_AnchoredPosition.x
      value: 70.50003
      objectReference: {fileID: 0}
    - target: {fileID: 6556716665524961396, guid: fc279e87f79b4de48be050f71a32a0de, type: 3}
      propertyPath: m_Pivot.x
      value: 0.5
      objectReference: {fileID: 0}
    - target: {fileID: 6556716665524961396, guid: fc279e87f79b4de48be050f71a32a0de, type: 3}
      propertyPath: m_Pivot.y
      value: 0.5
      objectReference: {fileID: 0}
    - target: {fileID: 6556716665524961396, guid: fc279e87f79b4de48be050f71a32a0de, type: 3}
      propertyPath: m_RootOrder
      value: 1
      objectReference: {fileID: 0}
    - target: {fileID: 6556716665524961396, guid: fc279e87f79b4de48be050f71a32a0de, type: 3}
      propertyPath: m_AnchorMax.x
      value: 0.5
      objectReference: {fileID: 0}
    - target: {fileID: 6556716665524961396, guid: fc279e87f79b4de48be050f71a32a0de, type: 3}
      propertyPath: m_AnchorMax.y
      value: 0.5
      objectReference: {fileID: 0}
    - target: {fileID: 6556716665524961396, guid: fc279e87f79b4de48be050f71a32a0de, type: 3}
      propertyPath: m_AnchorMin.x
      value: 0.5
      objectReference: {fileID: 0}
    - target: {fileID: 6556716665524961396, guid: fc279e87f79b4de48be050f71a32a0de, type: 3}
      propertyPath: m_AnchorMin.y
      value: 0.5
      objectReference: {fileID: 0}
    - target: {fileID: 6556716665524961396, guid: fc279e87f79b4de48be050f71a32a0de, type: 3}
      propertyPath: m_SizeDelta.x
      value: 400
      objectReference: {fileID: 0}
    - target: {fileID: 6556716665524961396, guid: fc279e87f79b4de48be050f71a32a0de, type: 3}
      propertyPath: m_SizeDelta.y
      value: 400
      objectReference: {fileID: 0}
    - target: {fileID: 6556716665524961396, guid: fc279e87f79b4de48be050f71a32a0de, type: 3}
      propertyPath: m_LocalPosition.x
      value: 0
      objectReference: {fileID: 0}
    - target: {fileID: 6556716665524961396, guid: fc279e87f79b4de48be050f71a32a0de, type: 3}
      propertyPath: m_LocalPosition.y
      value: 0
      objectReference: {fileID: 0}
    - target: {fileID: 6556716665524961396, guid: fc279e87f79b4de48be050f71a32a0de, type: 3}
      propertyPath: m_LocalPosition.z
      value: 0
      objectReference: {fileID: 0}
    - target: {fileID: 6556716665524961396, guid: fc279e87f79b4de48be050f71a32a0de, type: 3}
      propertyPath: m_LocalRotation.w
      value: 1
      objectReference: {fileID: 0}
    - target: {fileID: 6556716665524961396, guid: fc279e87f79b4de48be050f71a32a0de, type: 3}
      propertyPath: m_LocalRotation.x
      value: 0
      objectReference: {fileID: 0}
    - target: {fileID: 6556716665524961396, guid: fc279e87f79b4de48be050f71a32a0de, type: 3}
      propertyPath: m_LocalRotation.y
      value: 0
      objectReference: {fileID: 0}
    - target: {fileID: 6556716665524961396, guid: fc279e87f79b4de48be050f71a32a0de, type: 3}
      propertyPath: m_LocalRotation.z
      value: 0
      objectReference: {fileID: 0}
    - target: {fileID: 6556716665524961396, guid: fc279e87f79b4de48be050f71a32a0de, type: 3}
      propertyPath: m_AnchoredPosition.x
      value: 0
      objectReference: {fileID: 0}
    - target: {fileID: 6556716665524961396, guid: fc279e87f79b4de48be050f71a32a0de, type: 3}
      propertyPath: m_AnchoredPosition.y
      value: 81
      objectReference: {fileID: 0}
    - target: {fileID: 6556716665524961396, guid: fc279e87f79b4de48be050f71a32a0de, type: 3}
      propertyPath: m_LocalEulerAnglesHint.x
      value: 0
      objectReference: {fileID: 0}
    - target: {fileID: 6556716665524961396, guid: fc279e87f79b4de48be050f71a32a0de, type: 3}
      propertyPath: m_LocalEulerAnglesHint.y
      value: 0
      objectReference: {fileID: 0}
    - target: {fileID: 6556716665524961396, guid: fc279e87f79b4de48be050f71a32a0de, type: 3}
      propertyPath: m_LocalEulerAnglesHint.z
      value: 0
      objectReference: {fileID: 0}
    - target: {fileID: 6556716665524961397, guid: fc279e87f79b4de48be050f71a32a0de, type: 3}
      propertyPath: m_Name
      value: Settings
      objectReference: {fileID: 0}
    - target: {fileID: 6556716665535965328, guid: fc279e87f79b4de48be050f71a32a0de, type: 3}
      propertyPath: m_AnchoredPosition.x
      value: -162.6
      objectReference: {fileID: 0}
    - target: {fileID: 6556716665535965334, guid: fc279e87f79b4de48be050f71a32a0de, type: 3}
      propertyPath: m_Text
      value: Sensibilidade
      objectReference: {fileID: 0}
    - target: {fileID: 6973830212103271242, guid: fc279e87f79b4de48be050f71a32a0de, type: 3}
      propertyPath: m_fontSize
      value: 11.2
      objectReference: {fileID: 0}
    - target: {fileID: 6973830212103271242, guid: fc279e87f79b4de48be050f71a32a0de, type: 3}
      propertyPath: m_fontSizeBase
      value: 11.2
      objectReference: {fileID: 0}
    - target: {fileID: 8219222257274725718, guid: fc279e87f79b4de48be050f71a32a0de, type: 3}
      propertyPath: m_AnchoredPosition.x
      value: -161.6
      objectReference: {fileID: 0}
    m_RemovedComponents: []
  m_SourcePrefab: {fileID: 100100000, guid: fc279e87f79b4de48be050f71a32a0de, type: 3}
--- !u!114 &502445237889199671 stripped
MonoBehaviour:
  m_CorrespondingSourceObject: {fileID: 6556716665524961398, guid: fc279e87f79b4de48be050f71a32a0de, type: 3}
  m_PrefabInstance: {fileID: 6631313340621073985}
  m_PrefabAsset: {fileID: 0}
  m_GameObject: {fileID: 0}
  m_Enabled: 1
  m_EditorHideFlags: 0
  m_Script: {fileID: 11500000, guid: 0c615795069bcf2419725c1e0e39b8b7, type: 3}
  m_Name: 
  m_EditorClassIdentifier: 
--- !u!114 &7657796983371684611 stripped
MonoBehaviour:
  m_CorrespondingSourceObject: {fileID: 3909931044671485250, guid: fc279e87f79b4de48be050f71a32a0de, type: 3}
  m_PrefabInstance: {fileID: 6631313340621073985}
  m_PrefabAsset: {fileID: 0}
  m_GameObject: {fileID: 0}
  m_Enabled: 1
  m_EditorHideFlags: 0
  m_Script: {fileID: 11500000, guid: 5f7201a12d95ffc409449d95f23cf332, type: 3}
  m_Name: 
  m_EditorClassIdentifier: 
--- !u!114 &3262392647873921277 stripped
MonoBehaviour:
  m_CorrespondingSourceObject: {fileID: 8160927752012705468, guid: fc279e87f79b4de48be050f71a32a0de, type: 3}
  m_PrefabInstance: {fileID: 6631313340621073985}
  m_PrefabAsset: {fileID: 0}
  m_GameObject: {fileID: 0}
  m_Enabled: 1
  m_EditorHideFlags: 0
  m_Script: {fileID: 11500000, guid: 5f7201a12d95ffc409449d95f23cf332, type: 3}
  m_Name: 
  m_EditorClassIdentifier: 
--- !u!114 &502445238103631193 stripped
MonoBehaviour:
  m_CorrespondingSourceObject: {fileID: 6556716665269635864, guid: fc279e87f79b4de48be050f71a32a0de, type: 3}
  m_PrefabInstance: {fileID: 6631313340621073985}
  m_PrefabAsset: {fileID: 0}
  m_GameObject: {fileID: 0}
  m_Enabled: 1
  m_EditorHideFlags: 0
  m_Script: {fileID: 11500000, guid: 5f7201a12d95ffc409449d95f23cf332, type: 3}
  m_Name: 
  m_EditorClassIdentifier: 
--- !u!114 &502445237833074391 stripped
MonoBehaviour:
  m_CorrespondingSourceObject: {fileID: 6556716665535965334, guid: fc279e87f79b4de48be050f71a32a0de, type: 3}
  m_PrefabInstance: {fileID: 6631313340621073985}
  m_PrefabAsset: {fileID: 0}
  m_GameObject: {fileID: 0}
  m_Enabled: 1
  m_EditorHideFlags: 0
  m_Script: {fileID: 11500000, guid: 5f7201a12d95ffc409449d95f23cf332, type: 3}
  m_Name: 
  m_EditorClassIdentifier: 
--- !u!114 &7730380943995654401 stripped
MonoBehaviour:
  m_CorrespondingSourceObject: {fileID: 3981460091332755264, guid: fc279e87f79b4de48be050f71a32a0de, type: 3}
  m_PrefabInstance: {fileID: 6631313340621073985}
  m_PrefabAsset: {fileID: 0}
  m_GameObject: {fileID: 0}
  m_Enabled: 1
  m_EditorHideFlags: 0
  m_Script: {fileID: 11500000, guid: 5f7201a12d95ffc409449d95f23cf332, type: 3}
  m_Name: 
  m_EditorClassIdentifier: 
--- !u!114 &502445237988502455 stripped
MonoBehaviour:
  m_CorrespondingSourceObject: {fileID: 6556716665422415350, guid: fc279e87f79b4de48be050f71a32a0de, type: 3}
  m_PrefabInstance: {fileID: 6631313340621073985}
  m_PrefabAsset: {fileID: 0}
  m_GameObject: {fileID: 0}
  m_Enabled: 1
  m_EditorHideFlags: 0
  m_Script: {fileID: 11500000, guid: 5f7201a12d95ffc409449d95f23cf332, type: 3}
  m_Name: 
  m_EditorClassIdentifier: 
--- !u!114 &1049667996 stripped
MonoBehaviour:
  m_CorrespondingSourceObject: {fileID: 6631313340664088541, guid: fc279e87f79b4de48be050f71a32a0de, type: 3}
  m_PrefabInstance: {fileID: 6631313340621073985}
  m_PrefabAsset: {fileID: 0}
  m_GameObject: {fileID: 0}
  m_Enabled: 1
  m_EditorHideFlags: 0
  m_Script: {fileID: 11500000, guid: 5f7201a12d95ffc409449d95f23cf332, type: 3}
  m_Name: 
  m_EditorClassIdentifier: 
--- !u!114 &1547239149 stripped
MonoBehaviour:
  m_CorrespondingSourceObject: {fileID: 6631313339081281708, guid: fc279e87f79b4de48be050f71a32a0de, type: 3}
  m_PrefabInstance: {fileID: 6631313340621073985}
  m_PrefabAsset: {fileID: 0}
  m_GameObject: {fileID: 0}
  m_Enabled: 1
  m_EditorHideFlags: 0
  m_Script: {fileID: 11500000, guid: 5f7201a12d95ffc409449d95f23cf332, type: 3}
  m_Name: 
  m_EditorClassIdentifier: 
--- !u!224 &502445237889199669 stripped
RectTransform:
  m_CorrespondingSourceObject: {fileID: 6556716665524961396, guid: fc279e87f79b4de48be050f71a32a0de, type: 3}
  m_PrefabInstance: {fileID: 6631313340621073985}
  m_PrefabAsset: {fileID: 0}
--- !u!114 &1598350258 stripped
MonoBehaviour:
  m_CorrespondingSourceObject: {fileID: 6631313339064765939, guid: fc279e87f79b4de48be050f71a32a0de, type: 3}
  m_PrefabInstance: {fileID: 6631313340621073985}
  m_PrefabAsset: {fileID: 0}
  m_GameObject: {fileID: 0}
  m_Enabled: 1
  m_EditorHideFlags: 0
  m_Script: {fileID: 11500000, guid: 5f7201a12d95ffc409449d95f23cf332, type: 3}
  m_Name: 
  m_EditorClassIdentifier: 
--- !u!114 &894250119 stripped
MonoBehaviour:
  m_CorrespondingSourceObject: {fileID: 6631313340843557574, guid: fc279e87f79b4de48be050f71a32a0de, type: 3}
  m_PrefabInstance: {fileID: 6631313340621073985}
  m_PrefabAsset: {fileID: 0}
  m_GameObject: {fileID: 0}
  m_Enabled: 1
  m_EditorHideFlags: 0
  m_Script: {fileID: 11500000, guid: 5f7201a12d95ffc409449d95f23cf332, type: 3}
  m_Name: 
  m_EditorClassIdentifier: 
--- !u!114 &2038524343 stripped
MonoBehaviour:
  m_CorrespondingSourceObject: {fileID: 6631313339706656758, guid: fc279e87f79b4de48be050f71a32a0de, type: 3}
  m_PrefabInstance: {fileID: 6631313340621073985}
  m_PrefabAsset: {fileID: 0}
  m_GameObject: {fileID: 0}
  m_Enabled: 1
  m_EditorHideFlags: 0
  m_Script: {fileID: 11500000, guid: 5f7201a12d95ffc409449d95f23cf332, type: 3}
  m_Name: 
  m_EditorClassIdentifier: 
--- !u!114 &192344361 stripped
MonoBehaviour:
  m_CorrespondingSourceObject: {fileID: 6631313340477071208, guid: fc279e87f79b4de48be050f71a32a0de, type: 3}
  m_PrefabInstance: {fileID: 6631313340621073985}
  m_PrefabAsset: {fileID: 0}
  m_GameObject: {fileID: 0}
  m_Enabled: 1
  m_EditorHideFlags: 0
  m_Script: {fileID: 11500000, guid: 5f7201a12d95ffc409449d95f23cf332, type: 3}
  m_Name: 
  m_EditorClassIdentifier: 
--- !u!114 &1025688559 stripped
MonoBehaviour:
  m_CorrespondingSourceObject: {fileID: 6631313340706975150, guid: fc279e87f79b4de48be050f71a32a0de, type: 3}
  m_PrefabInstance: {fileID: 6631313340621073985}
  m_PrefabAsset: {fileID: 0}
  m_GameObject: {fileID: 0}
  m_Enabled: 1
  m_EditorHideFlags: 0
  m_Script: {fileID: 11500000, guid: 5f7201a12d95ffc409449d95f23cf332, type: 3}
  m_Name: 
  m_EditorClassIdentifier: 
--- !u!114 &880590988 stripped
MonoBehaviour:
  m_CorrespondingSourceObject: {fileID: 6631313340830052045, guid: fc279e87f79b4de48be050f71a32a0de, type: 3}
  m_PrefabInstance: {fileID: 6631313340621073985}
  m_PrefabAsset: {fileID: 0}
  m_GameObject: {fileID: 0}
  m_Enabled: 1
  m_EditorHideFlags: 0
  m_Script: {fileID: 11500000, guid: 5f7201a12d95ffc409449d95f23cf332, type: 3}
  m_Name: 
  m_EditorClassIdentifier: 
--- !u!114 &1101974108 stripped
MonoBehaviour:
  m_CorrespondingSourceObject: {fileID: 6631313339574772765, guid: fc279e87f79b4de48be050f71a32a0de, type: 3}
  m_PrefabInstance: {fileID: 6631313340621073985}
  m_PrefabAsset: {fileID: 0}
  m_GameObject: {fileID: 0}
  m_Enabled: 1
  m_EditorHideFlags: 0
  m_Script: {fileID: 11500000, guid: 5f7201a12d95ffc409449d95f23cf332, type: 3}
  m_Name: 
  m_EditorClassIdentifier: 
--- !u!114 &509954392 stripped
MonoBehaviour:
  m_CorrespondingSourceObject: {fileID: 6631313340123735833, guid: fc279e87f79b4de48be050f71a32a0de, type: 3}
  m_PrefabInstance: {fileID: 6631313340621073985}
  m_PrefabAsset: {fileID: 0}
  m_GameObject: {fileID: 0}
  m_Enabled: 1
  m_EditorHideFlags: 0
  m_Script: {fileID: 11500000, guid: 5f7201a12d95ffc409449d95f23cf332, type: 3}
  m_Name: 
  m_EditorClassIdentifier: 
--- !u!114 &1828726532 stripped
MonoBehaviour:
  m_CorrespondingSourceObject: {fileID: 6631313339899644229, guid: fc279e87f79b4de48be050f71a32a0de, type: 3}
  m_PrefabInstance: {fileID: 6631313340621073985}
  m_PrefabAsset: {fileID: 0}
  m_GameObject: {fileID: 0}
  m_Enabled: 1
  m_EditorHideFlags: 0
  m_Script: {fileID: 11500000, guid: 5f7201a12d95ffc409449d95f23cf332, type: 3}
  m_Name: 
  m_EditorClassIdentifier: 
--- !u!114 &15930334 stripped
MonoBehaviour:
  m_CorrespondingSourceObject: {fileID: 6631313340636609951, guid: fc279e87f79b4de48be050f71a32a0de, type: 3}
  m_PrefabInstance: {fileID: 6631313340621073985}
  m_PrefabAsset: {fileID: 0}
  m_GameObject: {fileID: 0}
  m_Enabled: 1
  m_EditorHideFlags: 0
  m_Script: {fileID: 11500000, guid: 5f7201a12d95ffc409449d95f23cf332, type: 3}
  m_Name: 
  m_EditorClassIdentifier: 
